1878 3190
184 284 419 338 explicatum
452 289 698 333 revocentur,
730 284 835 325 velut
862 284 911 325 ad
942 283 1068 325 solam
1102 284 1180 325 vim
1207 296 1400 327 caesurae
1428 285 1487 327 vel
1519 284 1669 326 arsium

185 358 254 393 aut
282 353 331 394 ad
363 353 609 407 singularem
642 352 934 403 pronunciandi
966 352 1141 392 modum.

261 431 269 435 ·
319 422 455 475 ltaque
484 425 669 473 superest
699 425 741 460 ut
770 420 870 461 ratio
898 421 1185 471 constituatur,
1218 432 1337 473 quam
1366 421 1406 460 in
1438 419 1668 461 universum

185 489 299 542 sequi
331 490 561 531 debeamus.
620 489 808 531 Miramur
835 489 974 530 breves
1004 501 1077 543 pro
1107 489 1237 542 longis
1262 488 1423 542 syllabis
1443 494 1669 542 usurpatas,

184 557 288 609 quod
320 558 527 611 rhythmus
558 559 807 611 interruptus
836 570 924 598 esse
954 558 1122 598 videtur.
1184 558 1334 606 Quodsi
1367 559 1596 610 rhythmus,
1628 557 1668 596 id

184 631 246 665 est
283 626 501 678 aequalitas
543 627 732 679 temporis
772 627 812 666 in
854 625 1183 667 successionibus
1223 627 1371 666 arsium
1413 632 1451 666 et
1481 626 1667 677 thesium,

184 692 369 736 turbatur
411 694 557 748 syllaba
600 695 708 736 brevi
748 694 805 734 vel
845 694 978 747 potius
1017 694 1219 742 breviore,
1269 694 1385 734 debet
1424 698 1667 734 momentum

184 761 344 814 aliquod
375 763 540 812 adesse,
576 776 656 816 quo
686 763 921 816 suppleatur
948 768 1107 815 tempus
1138 763 1218 803 sive
1249 775 1380 809 mora,
1423 774 1525 815 quae
1557 762 1670 802 deest

184 828 359 881 syllabae
389 831 521 883 brevi,
553 832 607 872 ita
639 836 683 872 ut
711 832 811 872 haec
842 832 983 884 longae
1014 831 1098 871 vice
1129 830 1238 883 fungi
1271 831 1410 884 possit.
1468 830 1567 871 Tota
1596 831 1671 883 igi-

183 903 250 937 tur
287 899 506 951 disputatio
549 898 820 940 continebitur
856 901 896 940 in
938 899 1177 952 quaerendis
1215 899 1451 945 momentis,
1501 911 1592 939 nam
1626 904 1670 939 ut

183 965 331 1007 dictum
373 972 434 1008 est
476 980 597 1008 unum
639 967 802 1009 minime
841 968 1052 1009 suffecerit.
1127 968 1233 1008 Haec
1272 971 1580 1009 enumeraturus
1619 967 1666 1007 ad

184 1035 468 1086 productiones
500 1037 740 1089 syllabarum
771 1043 1010 1089 praevertor‚
1043 1049 1144 1089 quae
1173 1038 1214 1076 in
1241 1037 1356 1077 initio
1376 1049 1513 1077 versus
1528 1036 1668 1088 legun-

183 1110 270 1154 tur;
320 1105 415 1145 hinc
454 1105 502 1145 ad
542 1117 608 1145 eas
649 1116 835 1157 pergam,
883 1117 983 1157 quae
1022 1104 1062 1144 in
1104 1103 1245 1144 mediis
1281 1105 1412 1145 verbis
1449 1104 1558 1144 etin
1589 1104 1668 1144 fine

183 1171 390 1213 verborum
422 1173 695 1213 inveniuntur.

303 1409 341 1462 1.
409 1410 476 1462 lle
510 1410 814 1476 productione
852 1408 1129 1476 syllabarum
1139 1444 1155 1474 ‚
1194 1426 1309 1476 quae
1332 1409 1380 1460 in
1414 1408 1548 1461 initio

728 1503 892 1539 vocum
924 1491 1115 1539 exsta-t.

320 1579 561 1620 Exordimur
604 1578 652 1619 ab
690 1578 741 1618 iis
769 1578 893 1626 locis,
948 1578 1096 1630 quibus
1141 1578 1263 1619 solam
1306 1578 1479 1630 speciem
1519 1578 1699 1631 produ-f

180 1647 324 1688 ctionis
360 1647 494 1688 inesse
526 1647 789 1687 demonstrari
819 1652 962 1699 potest.
1021 1646 1258 1699 HuJusmodi
1289 1653 1385 1687 sunt
1414 1659 1576 1699 versus,
1622 1647 1664 1686 in

181 1714 327 1768 quibus
355 1728 471 1756 voces
499 1711 572 1763 ἕως
604 1720 643 1755 et
669 1712 769 1762 τέως
787 1714 914 1754 brevis
936 1713 1086 1766 syllaba
1105 1715 1377 1767 subsequitur.
1426 1714 1665 1766 Principalis

181 1784 287 1824 enim
327 1784 452 1824 forma
490 1783 648 1823 illarum
688 1795 828 1823 vocum
868 1788 952 1823 erat
988 1774 1064 1835 ἧος
1103 1790 1142 1823 et
1169 1785 1292 1836 τῆος,
1342 1783 1383 1823 id
1414 1783 1518 1836 quod
1550 1783 1581 1822 si
1615 1782 1663 1823 ad

180 1851 373 1904 originem
425 1851 624 1899 redimus,
671 1851 802 1891 statim
841 1856 1017 1904 apparet.
1076 1842 1184 1899 ‘Hoc
1225 1852 1330 1892 enim
1370 1860 1430 1893 est
1468 1852 1664 1905 genitivus

180 1919 431 1972 pronominis
472 1919 622 1960 relativi
665 1916 711 1967 ὅς
748 1919 806 1958 vel
847 1920 981 1972 potius
1024 1919 1182 1972 generis
1214 1919 1392 1960 seminini
1424 1920 1546 1973 hujus
1574 1933 1667 1974 pro-

180 1989 383 2038 nominis,
433 2001 524 2028 cum
568 1990 750 2028 suffixum
786 1989 944 2039 genitivi
977 2003 1021 2035 ος
1052 1989 1098 2027 ad
1132 1988 1312 2028 feminini
1344 1990 1510 2030 formam
1542 1987 1567 2043 ἦ
1599 1990 1667 2030 ad-

175 2056 325 2110 jectum
356 2057 422 2099 sit.
481 2056 644 2097 Minime
671 2068 762 2096 vero
784 2056 983 2096 offendere
1005 2061 1147 2109 potest,
1180 2057 1284 2109 quod
1306 2057 1410 2111 apud
1434 2058 1665 2107 Homerum,

179 2137 267 2165 cum
297 2137 370 2164 vox
399 2137 471 2176 pro
502 2126 697 2176 particula
730 2127 878 2175 exstet,
927 2126 1050 2164 forma
1081 2116 1177 2176 ἧος,
1209 2138 1298 2165 cum
1331 2139 1403 2177 pro
1433 2139 1526 2166 vero
1557 2127 1667 2178 geni-

177 2193 256 2233 tivo
286 2193 537 2245 pronominis
566 2192 732 2242 relativi,
764 2203 925 2244 semper
952 2192 1126 2244 vulgaris
1157 2194 1282 2233 forma
1305 2185 1355 2245 ἧς
1375 2194 1541 2246 legitur;
1575 2206 1664 2234 nam

177 2260 217 2299 in
259 2261 568 2312 pronominibus
609 2260 732 2299 multo
773 2260 885 2311 prius
924 2260 1237 2301 debilitationem
1270 2262 1466 2313 quandam
1496 2267 1664 2310 exstare,

177 2341 297 2381 quam
338 2329 380 2368 in
423 2328 510 2369 aliis
552 2329 716 2369 vocibus
758 2327 854 2368 satis
892 2333 1059 2369 constat.
1127 2330 1268 2370 Vocem
1312 2327 1413 2377 τέως
1451 2342 1542 2369 vero
1584 2341 1663 2370 non

177 2396 290 2437 aliter
329 2409 372 2437 se
413 2397 558 2437 habere
600 2402 717 2448 atque
748 2394 842 2443 ἕως,
891 2408 980 2435 cum
1013 2409 1034 2436 e
1066 2397 1328 2437 similitudine
1361 2403 1399 2436 et
1428 2397 1665 2449 aequalitate

177 2477 312 2506 earum
343 2471 425 2506 tum
457 2477 502 2506 ex
535 2465 782 2505 Cretensium
816 2465 938 2504 forma
971 2462 1102 2514 τάως,
1143 2466 1207 2506 cui
1239 2465 1376 2505 subest
1408 2467 1528 2514 τᾶος,
1569 2478 1666 2506 con-

178 2532 284 2573 cludi
327 2539 479 2585 potest;
531 2533 653 2585 igitur
690 2533 731 2572 in
764 2533 909 2572 Jonum
952 2545 1110 2585 quoque
1148 2533 1317 2573 dialecto
1349 2533 1520 2585 primum
1551 2535 1664 2586 τῆος,

177 2608 273 2650 tum,
303 2602 407 2653 quod
440 2614 486 2641 ex
517 2614 564 2641 eo
596 2601 801 2641 metathesi
834 2608 964 2642 ortum
997 2608 1075 2649 est,
1105 2599 1207 2649 τέως
1237 2601 1459 2649 exstitisse,
1491 2607 1668 2642 statuere

177 2669 284 2709 licet.
314 2692 368 2698 —-
419 2669 621 2710 Interdum
651 2674 809 2722 praeter
839 2667 913 2719 ἕως
944 2675 983 2710 et
1012 2667 1112 2717 τέως
1141 2670 1182 2710 in
1213 2669 1326 2709 libris
1357 2670 1475 2710 etiam
1508 2668 1599 2718 εἵως
1630 2676 1670 2709 et

177 2734 294 2783 τείως
323 2737 547 2785 invenitur,
594 2749 695 2789 quae
725 2743 856 2777 tamen
889 2738 1040 2777 formae
1069 2749 1203 2777 errore
1236 2743 1391 2777 tantum
1422 2737 1482 2776 vel
1508 2738 1669 2789 ignora-

176 2803 282 2845 tione
314 2816 429 2845 verae
461 2805 609 2846 formae
640 2805 689 2846 ab
718 2805 820 2855 illis,
869 2805 936 2858 qui
967 2806 1332 2859 transscripserunt
1361 2805 1564 2857 carmina,
1610 2805 1668 2844 eis

1332 2873 1355 2914 1
1376 2873 1397 2896 *
