1878 3190
804 186 1061 233 „ty-

174 300 288 353 'iiiam
317 300 494 352 linguam
522 307 765 354 spectamus,
799 301 846 340 ad
880 300 1094 341 novissima
1125 307 1301 352 tempora
1332 300 1547 351 pertinent,
1577 301 1665 352 qui-

181 366 256 409 bus
293 367 338 408 in
363 367 604 415 universum>
624 369 864 422 Graecorum
895 368 1033 420 lingua
1056 367 1138 421 jam
1168 366 1411 421 peculiarem
1441 379 1555 408 suam
1587 367 1665 409 for-

181 443 286 475 mam
326 441 366 476 et.
406 442 588 487 naturam
627 436 836 490 praestitit.
906 435 1076 478 Maxime
1111 436 1233 488 igitur
1259 435 1478 475 cavendum
1509 441 1581 483 est,
1613 447 1664 475 ne

177 503 328 554 formas
376 504 650 556 adjudicemus
690 505 887 553 Homero,
937 503 1086 561 quibus
1133 503 1308 545 carmina
1358 503 1445 556 ejus
1489 515 1531 543 re
1573 515 1664 544 vera

179 570 351 622 speciem
393 573 527 624 potius
557 572 977 624 lndogermanicorum
1019 584 1137 624 quam
1168 571 1405 612 Graecorum
1437 576 1662 623 praestent3

178 643 285 678 certe
314 638 514 681 interdum
546 641 739 693 prodesse
769 640 866 681 mihi
897 640 1072 685 videtur,
1109 639 1408 692 quaestionem,
1452 639 1485 679 si
1515 638 1660 690 duplex

178 705 403 758 explicandi
433 707 601 749 facultas
633 713 774 759 exstat,
804 719 884 748 non
915 706 1146 760 dijudicare,
1177 707 1247 747 sed
1268 706 1399 747 causis
1419 706 1460 746 in
1482 705 1657 746 medium

174 774 339 826 prolatis
378 776 572 828 integram
601 789 686 817 eam
718 776 886 816 reddere
916 782 958 817 et.
986 775 1194 817 arbitrium
1224 775 1264 815 in
1297 774 1482 826 eligendo
1512 774 1657 814 facere.

173 841 347 883 Omnino
396 856 486 884 vero
529 844 570 884 in
608 843 887 896 comparandis
925 842 1075 896 linguis
1116 842 1355 896 propinquis
1393 853 1461 882 eas
1501 846 1653 881 tantum

172 909 320 949 formas
370 912 554 959 afferam,
604 923 707 963 quae
748 911 1053 963 quaestionibus
1092 911 1265 951 virorum
1305 910 1652 962 sagacissimorum

172 977 267 1017 satis
296 983 426 1018 certae
456 984 572 1026 sunt,
618 978 759 1019 dubias
790 990 881 1018 vero
912 990 1077 1030 prorsus
1106 978 1347 1026 ommittam,
1387 990 1477 1018 cum
1508 977 1549 1017 in
1581 977 1656 1018 hac

171 1046 418 1097 quaestione,
451 1047 518 1087 ubi
550 1046 794 1098 amplissima
826 1045 1073 1098 conjectandi
1105 1059 1194 1086 area
1226 1052 1344 1098 patet,
1374 1058 1528 1086 summa
1559 1058 1652 1085 cau—

171 1114 278 1154 tione
318 1126 392 1155 nos
435 1115 490 1155 uti
522 1120 713 1167 oporteat.
782 1114 832 1155 Ut
862 1120 992 1155 tamen
1024 1114 1228 1167 regrediar
1257 1115 1306 1155 ad
1337 1126 1441 1163 rem,
1486 1113 1650 1155 minime

168 1181 431 1222 dubitandum
463 1188 543 1228 est,
594 1183 766 1222 Homero
798 1183 964 1222 formam
995 1179 1122 1236 ὅπφιν
1153 1184 1395 1229 asscribere,
1448 1195 1550 1234 quae
1581 1195 1650 1222 ne-

168 1262 365 1302 quaquam
397 1263 419 1290 a
450 1250 646 1291 sermonis
677 1250 913 1302 posterioris
946 1250 1236 1291 consuetudine
1268 1251 1440 1298 recedit,
1472 1251 1512 1291 id
1543 1251 1649 1303 quod

167 1330 281 1357 voces
311 1317 418 1358 velut.
448 1314 637 1371 σκύπφος
667 1323 706 1358 et
736 1314 915 1370 σκύφος,
965 1314 1085 1368 ὅκχος
1115 1324 1153 1358 et
1183 1315 1304 1370 ὄχος,
1355 1318 1456 1358 aliae
1486 1318 1649 1358 demon-

165 1387 305 1426 strant.

309 1454 490 1507 Denique
529 1456 575 1495 ad
619 1455 786 1495 eandem
819 1455 923 1495 hanc
953 1455 1145 1495 rationem
1175 1455 1293 1496 etiam
1322 1454 1530 1507 productio
1560 1465 1650 1505 per-

167 1523 283 1571 tinet,
316 1535 418 1575 quae
450 1530 604 1564 exstare
635 1522 788 1562 videtur
817 1521 844 1562 Ι
869 1520 896 1562 5
926 1528 964 1563 et
999 1521 1044 1562 Ψ
1070 1520 1164 1569 195,
1196 1522 1261 1563 ubi
1292 1520 1451 1576 Βορέης
1482 1521 1648 1573 spondei

163 1591 250 1631 loco
290 1590 444 1643 legitur.
504 1590 656 1639 Quodsi
700 1590 789 1643 quis
817 1591 923 1632 hanc
955 1603 1089 1631 vocem
1121 1590 1376 1631 enunciando
1407 1589 1648 1630 contrahen-

162 1659 253 1699 dam
284 1660 415 1710 putat,
445 1659 500 1699 ita
533 1664 575 1700 ut
604 1658 781 1699 iambum
813 1658 972 1708 efficiat,
1002 1660 1078 1700 hoc
1111 1660 1282 1700 fortasse
1312 1658 1472 1711 probari
1504 1658 1644 1710 possit,

161 1739 253 1766 cum
282 1726 348 1767 illa
379 1739 450 1767 vox
478 1727 519 1767 in
550 1727 664 1767 initio
694 1739 828 1767 versus
858 1732 1006 1777 exstet,
1058 1728 1127 1768 ubi
1159 1739 1256 1768 sane
1285 1731 1424 1779 poetae
1455 1725 1644 1778 majorem

160 1794 384 1835 libertatem
424 1808 657 1836 concessam
689 1795 833 1843 fuisse,
882 1796 1001 1848 paulo
1032 1796 1135 1837 intra
1165 1795 1511 1836 demonstraturus
1541 1806 1643 1835 sum.

158 1865 336 1904 Attamen
368 1863 557 1914 offendit,
601 1864 706 1917 quod
737 1876 944 1917 nunquam
976 1870 1179 1917 praeterea
1211 1877 1281 1905 vox
1311 1865 1352 1904 in
1383 1863 1511 1916 primo
1542 1863 1643 1916 pede

159 1936 306 1979 exstat,
356 1944 459 1984 quae
498 1932 674 1972 iambum
714 1933 849 1973 efficit.
908 1933 986 1972 Hic
1012 1934 1146 1985 potius
1176 1939 1245 1973 aut
1275 1933 1434 1984 propria
1464 1944 1643 1983 pronun-

158 1999 330 2039 ciatione
371 2013 573 2041 consonae
612 2000 820 2053 productio
860 2000 1053 2041 firmanda
1095 2007 1175 2049 est,
1227 2006 1428 2053 tamquam
1458 1997 1644 2055 Βορῥέης

158 2072 353 2118 exstaret,
384 2068 489 2119 quod
521 2073 604 2107 tum
635 2069 808 2120 synizesi
839 2068 1016 2109 adhibita
1042 2068 1283 2121 disyllabum
1313 2074 1419 2108 esset
1449 2075 1539 2119 aut,
1580 2068 1640 2108 id-

157 2147 234 2188 que
266 2134 607 2187 simpiicissimum
639 2136 735 2176 mihi
764 2136 942 2186 videtur,
993 2136 1058 2176 hic
1087 2149 1246 2189 quoque
1276 2136 1397 2177 altera
1428 2137 1553 2177 forma
1585 2136 1641 2176 af-

157 2202 320 2243 serenda
371 2210 434 2243 est.
476 2199 651 2259 Βόρρης.
732 2204 967 2245 Rectissime
1010 2217 1083 2246 nos
1123 2205 1227 2245 hanc
1264 2205 1430 2246 sormam
1468 2211 1641 2246 statuere

155 2283 293 2323 posse,
344 2271 579 2323 etymologia
626 2272 842 2312 confirmat.
908 2273 1005 2313 Nam
1047 2273 1081 2313 si
1112 2274 1358 2325 propinquas
1391 2274 1548 2325 linguas
1578 2286 1639 2313 ar-

154 2339 371 2387 cessimus,
423 2339 463 2379 in
496 2339 644 2379 Graeca
684 2339 821 2392 lingua
853 2341 979 2392 prima
1014 2342 1137 2382 t'orma
1167 2342 1352 2394 ponenda
1380 2348 1439 2382 est
1469 2340 1638 2395 ΒόρῙης,

154 2419 200 2446 ex
229 2420 326 2459 qua,
355 2419 444 2447 cum
470 2414 493 2458 j
522 2420 543 2447 a
576 2407 737 2448 Graecis
769 2420 847 2448 non
878 2416 1191 2458 conservaretur,
1222 2416 1291 2450 aut
1319 2407 1478 2464 Βορέης
1507 2416 1638 2450 ortum

152 2482 227 2523 est,
259 2487 435 2515 consona
456 2480 491 2525 j,
521 2480 564 2515 ut
595 2475 844 2527 saepissime,
873 2477 914 2517 in
947 2492 964 2518 ε
996 2484 1159 2527 mutata,
1192 2485 1260 2519 aut
1289 2474 1454 2533 Βόρῥης
1482 2478 1635 2518 assimi-

151 2542 230 2582 lato
263 2548 298 2593 J’.
368 2543 452 2584 Hoc
502 2542 693 2595 probatur
731 2549 936 2595 praeterea
977 2558 1065 2586 cum
1110 2546 1286 2597 analogis
1328 2545 1490 2586 vocibus
1531 2545 1637 2585 velut

151 2607 324 2665 στερῤὸς
352 2616 391 2652 et
419 2609 584 2667 στερεὸς
612 2635 667 2641 -
697 2605 857 2665 utrique
886 2613 991 2653 enim
1014 2609 1173 2667 στερῙός
1192 2613 1342 2664 subest,
1365 2637 1422 2642 —
1444 2619 1525 2654 tum
1547 2614 1634 2666 ipsa

151 2679 277 2718 forma
309 2676 499 2734 Βορῤᾶς,
552 2694 655 2733 quae
699 2687 835 2734 postea
876 2682 915 2722 in
947 2682 1097 2734 vulgari
1127 2695 1311 2723 sermone
1341 2683 1508 2732 exstitit,
1555 2684 1635 2724 sive

148 2758 191 2786 re
220 2758 308 2786 vera
340 2759 362 2787 e
393 2748 520 2799 prima
551 2749 618 2790 illa
648 2750 773 2790 forma
804 2745 985 2804 ΒόρῙης,
1025 2750 1107 2790 sive
1137 2757 1299 2804 propter
1331 2764 1445 2792 usum
1478 2759 1633 2794 tantum

148 2814 353 2870 epicorum
383 2822 514 2857 ortum
545 2823 625 2864 est,
664 2831 743 2872 quo
772 2814 941 2874 Βόῤῥης
971 2820 1316 2873 pronunciandum
1347 2827 1445 2864 erat.
