1878 3190
785 160 1042 203 -5-

169 278 387 331 scriptione
426 277 570 318 illain
607 278 809 318 recentius
850 276 1107 329 alphabetum
1137 277 1340 317 interdum
1374 289 1529 316 errores
1559 277 1658 316 irre·

146 347 324 398 ·psisse;
376 345 547 386 subinde
576 359 667 387 vero
697 346 816 387 etiam
846 345 1029 385 consulto
1058 345 1183 385 forma
1215 346 1345 385 versui
1378 358 1459 385 non
1490 357 1657 396 prorsus

166 413 418 467 respondens
459 414 731 462 scribebatur,
780 424 869 454 cum
909 413 1036 466 ipsius
1076 412 1237 453 lectoris
1274 413 1438 454 arbitrio
1469 425 1656 454 versuum

169 483 429 535 legendorum
462 484 578 535 periti
610 483 921 536 permitteretur.
959 488 1001 522 ut
1030 488 1181 522 rectum
1208 482 1369 533 legeret.
1428 482 1514 522 Non
1535 482 1657 534 igitur

158 555 328 603 ‘semper
369 551 567 591 confidere
599 562 814 602 possumus
845 550 1039 591 librorum
1070 549 1332 598 lectionibus,
1383 550 1490 602 quod
1521 555 1654 602 aperte

168 619 260 660 illae
291 631 406 659 voces
437 616 513 666 ἕως
542 623 580 659 et
610 615 712 665 τέως
741 618 1029 659 demonstrant.

298 687 437 739 Neque
488 685 617 725 aliena
663 691 725 725 est
773 685 822 726 ab
863 686 938 726 hac
976 685 1200 738 explicandi
1241 685 1393 725 ratione
1428 684 1651 737 productio,

167 767 268 807 quae
307 761 460 795 exstare
500 754 654 794 videtur
690 753 748 794 M
784 751 890 801 208,
945 753 1012 793 ubi
1051 753 1197 805 legitur
1238 749 1380 793 αἴολον
1410 749 1518 805 ὅφιν.
1579 753 1653 793 Hic

168 835 326 874 quoque
355 822 476 862 altera
507 824 633 862 forma
663 821 941 862 substituenda
973 828 1053 869 est,
1091 834 1181 861 cum
1211 833 1283 873 pro
1313 817 1408 873 ὄφις
1437 820 1649 871 legendum

168 890 220 930 sit
260 887 393 944 ὅπφις.
468 890 580 930 Hanc
620 890 727 929 enim
757 890 923 930 formam
954 896 1128 930 statuere
1159 902 1239 929 non
1272 888 1536 928 dubitandum
1567 896 1649 938 est;

167 970 259 998 nam
301 959 348 998 ad
381 959 556 998 radicem
588 955 699 1004 ὂπ-,
755 958 793 997 id
826 964 886 997 est
917 963 1097 1009 spectare
1127 957 1184 996 vel
1214 956 1263 996 ad
1295 957 1556 1008 principalem
1588 969 1651 996 ra-

168 1026 267 1066 dicis
299 1027 462 1067 formam
494 1026 590 1074 ak-‚
634 1039 752 1078 quani
785 1026 986 1067 Sanscrita
1018 1026 1153 1077 lingua
1184 1024 1368 1078 praebet,
1400 1025 1649 1065 referendam

166 1100 275 1146 puto.
348 1095 391 1134 ln
423 1093 616 1148 primitiva
648 1094 768 1146 igitur
796 1094 860 1134 illa
893 1094 1050 1146 lingua,
1097 1105 1217 1147 quam
1248 1092 1492 1145 grammatici
1522 1091 1649 1132 lndo-

166 1164 440 1205 Germanicam
473 1164 605 1204 dicere
636 1163 786 1210 solent,
820 1164 1021 1204 notionem
1054 1163 1253 1215 serpentis
1276 1174 1503 1214 expressam
1525 1162 1647 1202 fuisse

164 1243 256 1271 voce
288 1231 474 1271 ak-vi-s
505 1231 682 1284 (proprie
713 1231 818 1271 idem
847 1237 963 1283 atque
987 1231 1213 1271 Latinorum
1235 1232 1440 1282 spectans)
1468 1237 1647 1270 statuen-

164 1299 257 1338 dum
290 1307 361 1339 est.
422 1300 533 1339 Hanc
565 1299 670 1338 enim
703 1300 867 1339 formam
902 1305 945 1339 ut
973 1311 1193 1350 ponamus,
1226 1298 1406 1350 analogia
1438 1311 1512 1338 nos
1539 1311 1646 1338 com·

165 1373 307 1418 movet,
339 1380 458 1419 quam
485 1367 686 1407 Sanscrita
718 1367 853 1418 lingua
883 1366 1061 1418 praebet.
1123 1366 1229 1405 Huic
1258 1366 1449 1406 vocabulo
1479 1380 1646 1419 respon-

161 1434 274 1474 deret
302 1436 342 1474 in
376 1435 522 1475 Graeca
554 1434 690 1486 lingua
721 1431 946 1481 ὅκ-Ρι-ς,
978 1447 1000 1473 a
1031 1447 1109 1486 quo
1142 1435 1295 1474 usitatis
1324 1447 1515 1474 sonorum
1546 1434 1643 1485 legi-

161 1502 236 1542 bus
277 1509 315 1542 et
353 1498 478 1556 ὅπφις
508 1508 548 1542 et
578 1498 672 1555 ὄφις
702 1502 1017 1549 descenderunt,
1071 1501 1137 1542 illa
1170 1502 1331 1554 quidem
1361 1503 1493 1554 prior,
1545 1503 1643 1543 baec

160 1570 432 1610 debilitatione
478 1570 646 1622 quadam
698 1581 745 1609 ex
792 1581 837 1609 ea
882 1577 988 1619 orta,
1047 1569 1116 1610 sed
1158 1576 1241 1610 tum
1285 1570 1465 1610 usitatior
1502 1571 1642 1611 forma.

160 1638 333 1678 Omnino
372 1649 462 1677 vero
503 1637 817 1678 debilitationem
858 1637 973 1677 talem
1018 1637 1075 1677 vel
1114 1638 1288 1689 priorem
1318 1638 1532 1678 firmiorem
1564 1640 1642 1678 for-

158 1718 262 1745 mam
301 1712 475 1746 statuere
514 1705 678 1745 minime
719 1704 918 1745 dubitabit
951 1705 1003 1751 is,
1060 1705 1152 1758 qui,
1207 1706 1386 1758 quamvis
1422 1706 1639 1758 paullulum

163 1780 329 1821 tantum,
360 1774 567 1814 historiam
598 1773 757 1825 linguae
787 1774 1025 1824 cognoverit.
1093 1774 1205 1825 Apud
1237 1786 1377 1814 omnes
1408 1774 1513 1814 enim
1545 1787 1640 1825 gen-

160 1850 220 1882 tes
249 1842 313 1881 lex
342 1841 409 1881 illa
441 1841 567 1890 valet,
607 1854 684 1893 qua
716 1841 822 1881 nulla
854 1841 1010 1892 lingua,
1051 1842 1240 1893 quamdiu
1273 1842 1437 1882 omnino
1466 1854 1563 1893 gens
1595 1855 1639 1881 ea

163 1909 307 1955 utitur,
346 1921 520 1961 unquam
553 1921 717 1961 prorsus
748 1909 922 1961 perfecta
952 1915 989 1949 et
1021 1909 1200 1949 absoluta
1232 1916 1314 1959 est,
1346 1909 1414 1949 sed
1447 1916 1639 1961 perpetuo

157 1983 423 2016 commutatur
451 1985 490 2016 et
520 1976 772 2016 continenter
799 1977 993 2022 variatur,
1033 1984 1072 2017 et
1099 1978 1153 2017 ita
1184 1978 1343 2029 quidem
1375 1990 1556 2029 semper,
1599 1984 1641 2017 ut

158 2045 206 2084 ad
247 2044 511 2084 debilitandas
552 2051 591 2083 et
630 2045 858 2096 levigandas
887 2046 1033 2084 formas
1063 2045 1240 2085 inclinet.
1301 2046 1425 2097 Cujus
1457 2045 1638 2085 debilita-

155 2112 275 2152 tionis
317 2112 491 2164 cognitio
528 2112 725 2163 imprimis
755 2113 803 2152 ad
836 2113 1045 2153 Homerica
1075 2113 1252 2153 carmina
1281 2113 1404 2161 valet,
1460 2126 1551 2153 cum
1584 2114 1636 2154 ita

154 2179 275 2220 multa
305 2179 483 2219 difficilia
514 2180 598 2219 loca
627 2180 880 2220 illustrentur
910 2188 949 2221 et
977 2181 1037 2220 via
1068 2187 1215 2233 pateat,
1249 2193 1325 2232 qua
1354 2193 1492 2220 eorum
1515 2181 1637 2233 expli-

153 2248 255 2289 catio
294 2247 538 2290 instituenda
581 2248 646 2289 sit.
714 2249 813 2289 Nam
853 2249 893 2288 in
927 2249 1149 2289 Homericis
1190 2248 1434 2289 carminibus
1475 2250 1635 2301 potissi-

153 2328 260 2356 mum
300 2322 356 2357 tot
399 2322 598 2356 momenta
631 2316 895 2365 conveniunt,
946 2322 988 2356 ut
1016 2317 1194 2369 vulgares
1225 2317 1482 2369 etymologiae
1513 2318 1634 2369 leges,

151 2384 296 2435 quibus
325 2385 410 2437 ipsa
437 2384 583 2424 Graeca
609 2384 744 2435 lingua
766 2385 930 2424 affertur
956 2391 994 2423 et
1018 2384 1212 2436 analogia,
1245 2398 1362 2437 quam
1389 2398 1434 2425 ea
1457 2386 1632 2437 praebet,

151 2464 272 2505 saepe
296 2445 377 2492 non
407 2451 608 2492 sufficiant
633 2451 681 2491 ad
712 2451 1006 2504 explicandum.
1059 2452 1165 2493 Haec
1193 2453 1299 2493 enim
1322 2453 1511 2502 carmina,
1541 2465 1631 2493 cum

150 2520 471 2572 antiquissimum
501 2519 704 2559 literarum
737 2519 973 2559 Graecarum
1006 2528 1309 2561 monumentum
1340 2522 1420 2560 sint
1450 2528 1489 2560 et
1518 2521 1632 2573 quasi

151 2587 360 2627 transitum
381 2587 557 2627 efficiant
575 2599 595 2627 e
614 2587 747 2639 priore
767 2586 925 2638 linguae
947 2594 1051 2627 statu
1070 2589 1110 2627 in
1128 2588 1389 2628 recentiorem
1404 2589 1632 2640 promiscue

148 2660 187 2693 et
217 2653 340 2693 multa
370 2666 467 2693 nova
500 2660 539 2694 et
568 2654 789 2706 antiquiora
821 2654 1015 2694 elementa
1047 2654 1246 2694 exhibent.
1297 2655 1395 2695 Cum
1427 2663 1630 2707 praeterea

148 2721 248 2761 ratio
279 2720 345 2761 illa
376 2720 670 2773 levigandarum
697 2721 928 2770 formarum,
958 2735 1059 2775 quae
1081 2721 1187 2774 apud
1205 2722 1327 2762 Jones
1346 2723 1543 2775 imprimis
1565 2737 1631 2763 ex-

151 2788 265 2841 stitit,
276 2801 359 2842 Jam
374 2788 494 2831 latius
509 2794 675 2842 pateret,
691 2788 922 2842 linguatum
936 2790 1048 2844 quasi
1063 2789 1235 2844 liquidae
1251 2791 1425 2844 speciem
1436 2791 1630 2845 praebuit.
