<?xml version="1.0" encoding="UTF-8"?>
<!DOCTYPE html PUBLIC "-//W3C//DTD XHTML 1.0 Transitional//EN"
    "http://www.w3.org/TR/xhtml1/DTD/xhtml1-transitional.dtd">
<html xmlns="http://www.w3.org/1999/xhtml" xml:lang="en" lang="en">
 <head>
  <title>
</title>
<meta http-equiv="Content-Type" content="text/html;charset=utf-8" />
  <meta name='ocr-system' content='tesseract 3.04.00' />
  <meta name='ocr-capabilities' content='ocr_page ocr_carea ocr_par ocr_line ocrx_word'/>
</head>
<body>
  <div class='ocr_page' id='page_1' title='image "4738066_0045.png"; bbox 0 0 1878 3190; ppageno 0'>
   <div class='ocr_carea' id='block_1_1' title="bbox 786 165 1073 210">
    <p class='ocr_par' dir='ltr' id='par_1_1' title="bbox 786 165 1073 210">
     <span class='ocr_line' id='line_1_1' title="bbox 786 165 1073 210; baseline 0 -11"><span class='ocrx_word' id='word_1_1' title='bbox 786 165 1073 210; x_wconf 79' lang='grc'><strong>-36-</strong></span> 
     </span>
    </p>
   </div>
   <div class='ocr_carea' id='block_1_2' title="bbox 173 276 1677 1349">
    <p class='ocr_par' dir='ltr' id='par_1_2' title="bbox 173 276 1677 1349">
     <span class='ocr_line' id='line_1_2' title="bbox 173 276 1668 332; baseline 0.003 -16"><span class='ocrx_word' id='word_1_2' title='bbox 173 276 398 317; x_wconf 86' lang='lat' dir='ltr'><strong>rectissime</strong></span> <span class='ocrx_word' id='word_1_3' title='bbox 435 289 478 318; x_wconf 89' lang='lat' dir='ltr'><strong>se</strong></span> <span class='ocrx_word' id='word_1_4' title='bbox 517 277 705 319; x_wconf 84' lang='lat' dir='ltr'><strong>habeant.</strong></span> <span class='ocrx_word' id='word_1_5' title='bbox 773 279 915 320; x_wconf 79' lang='lat' dir='ltr'><strong>Mirum</strong></span> <span class='ocrx_word' id='word_1_6' title='bbox 961 280 1068 320; x_wconf 89' lang='lat' dir='ltr'><strong>enim</strong></span> <span class='ocrx_word' id='word_1_7' title='bbox 1112 286 1244 329; x_wconf 82' lang='lat' dir='ltr'><strong>esset,</strong></span> <span class='ocrx_word' id='word_1_8' title='bbox 1285 279 1417 332; x_wconf 91' lang='lat' dir='ltr'><strong>quod,</strong></span> <span class='ocrx_word' id='word_1_9' title='bbox 1461 279 1496 320; x_wconf 85' lang='lat' dir='ltr'><strong>si</strong></span> <span class='ocrx_word' id='word_1_10' title='bbox 1535 279 1668 321; x_wconf 82' lang='lat' dir='ltr'><strong>illatae</strong></span> 
     </span>
     <span class='ocr_line' id='line_1_3' title="bbox 175 345 1669 400; baseline 0.003 -15"><span class='ocrx_word' id='word_1_11' title='bbox 175 351 309 386; x_wconf 83' lang='lat' dir='ltr'><strong>essent</strong></span> <span class='ocrx_word' id='word_1_12' title='bbox 348 345 443 389; x_wconf 87' lang='lat' dir='ltr'><strong>illae</strong></span> <span class='ocrx_word' id='word_1_13' title='bbox 485 347 660 397; x_wconf 78' lang='lat' dir='ltr'><strong>formae,</strong></span> <span class='ocrx_word' id='word_1_14' title='bbox 704 353 745 388; x_wconf 89' lang='lat' dir='ltr'><strong>ut</strong></span> <span class='ocrx_word' id='word_1_15' title='bbox 776 347 1038 389; x_wconf 80' lang='lat' dir='ltr'><strong>Hoffmannus</strong></span> <span class='ocrx_word' id='word_1_16' title='bbox 1069 353 1204 400; x_wconf 84' lang='lat' dir='ltr'><strong>putat,</strong></span> <span class='ocrx_word' id='word_1_17' title='bbox 1240 348 1289 388; x_wconf 92' lang='lat' dir='ltr'><strong>ad</strong></span> <span class='ocrx_word' id='word_1_18' title='bbox 1319 347 1568 389; x_wconf 79' lang='lat' dir='ltr'><strong>excusandas</strong></span> <span class='ocrx_word' id='word_1_19' title='bbox 1595 348 1669 390; x_wconf 92' lang='lat' dir='ltr'><strong>du-</strong></span> 
     </span>
     <span class='ocr_line' id='line_1_4' title="bbox 175 414 1668 468; baseline 0.002 -15"><span class='ocrx_word' id='word_1_20' title='bbox 175 414 307 454; x_wconf 85' lang='lat' dir='ltr'><strong>riores</strong></span> <span class='ocrx_word' id='word_1_21' title='bbox 336 415 645 465; x_wconf 83' lang='lat' dir='ltr'><strong>productiones,</strong></span> <span class='ocrx_word' id='word_1_22' title='bbox 691 416 797 467; x_wconf 86' lang='lat' dir='ltr'><strong>quod</strong></span> <span class='ocrx_word' id='word_1_23' title='bbox 826 416 949 467; x_wconf 83' lang='lat' dir='ltr'><strong>igitur</strong></span> <span class='ocrx_word' id='word_1_24' title='bbox 977 422 1056 456; x_wconf 85' lang='lat' dir='ltr'><strong>tam</strong></span> <span class='ocrx_word' id='word_1_25' title='bbox 1088 416 1281 468; x_wconf 81' lang='lat' dir='ltr'><strong>singulari</strong></span> <span class='ocrx_word' id='word_1_26' title='bbox 1313 416 1430 457; x_wconf 94' lang='lat' dir='ltr'><strong>modo</strong></span> <span class='ocrx_word' id='word_1_27' title='bbox 1460 415 1668 456; x_wconf 79' lang='lat' dir='ltr'><strong>mutaban-</strong></span> 
     </span>
     <span class='ocr_line' id='line_1_5' title="bbox 180 481 1670 536; baseline 0.003 -16"><span class='ocrx_word' id='word_1_28' title='bbox 180 486 244 520; x_wconf 86' lang='lat' dir='ltr'><strong>tur</strong></span> <span class='ocrx_word' id='word_1_29' title='bbox 282 481 382 521; x_wconf 88' lang='lat' dir='ltr'><strong>haec</strong></span> <span class='ocrx_word' id='word_1_30' title='bbox 418 482 631 530; x_wconf 83' lang='lat' dir='ltr'><strong>vocabula,</strong></span> <span class='ocrx_word' id='word_1_31' title='bbox 672 483 712 522; x_wconf 91' lang='lat' dir='ltr'><strong>id</strong></span> <span class='ocrx_word' id='word_1_32' title='bbox 744 481 850 534; x_wconf 92' lang='lat' dir='ltr'><strong>quod</strong></span> <span class='ocrx_word' id='word_1_33' title='bbox 891 482 1056 522; x_wconf 87' lang='lat' dir='ltr'><strong>omnino</strong></span> <span class='ocrx_word' id='word_1_34' title='bbox 1093 483 1203 524; x_wconf 76' lang='lat' dir='ltr'><strong>nulla</strong></span> <span class='ocrx_word' id='word_1_35' title='bbox 1240 483 1421 536; x_wconf 80' lang='lat' dir='ltr'><strong>analogia</strong></span> <span class='ocrx_word' id='word_1_36' title='bbox 1459 484 1670 524; x_wconf 79' lang='lat' dir='ltr'><strong>conflrma-</strong></span> 
     </span>
     <span class='ocr_line' id='line_1_6' title="bbox 180 548 1670 604; baseline 0.002 -17"><span class='ocrx_word' id='word_1_37' title='bbox 180 553 258 587; x_wconf 87' lang='lat' dir='ltr'><strong>tur.</strong></span> <span class='ocrx_word' id='word_1_38' title='bbox 317 548 513 601; x_wconf 84' lang='lat' dir='ltr'>Equidem</span> <span class='ocrx_word' id='word_1_39' title='bbox 544 556 666 602; x_wconf 78' lang='lat' dir='ltr'><strong>puto,</strong></span> <span class='ocrx_word' id='word_1_40' title='bbox 696 550 764 590; x_wconf 91' lang='lat' dir='ltr'><strong>hic</strong></span> <span class='ocrx_word' id='word_1_41' title='bbox 794 561 953 602; x_wconf 86' lang='lat' dir='ltr'><strong>quoque</strong></span> <span class='ocrx_word' id='word_1_42' title='bbox 980 561 1056 590; x_wconf 87' lang='lat' dir='ltr'><strong>nos</strong></span> <span class='ocrx_word' id='word_1_43' title='bbox 1091 563 1112 591; x_wconf 95' lang='lat' dir='ltr'><strong>a</strong></span> <span class='ocrx_word' id='word_1_44' title='bbox 1143 551 1278 604; x_wconf 87' lang='lat' dir='ltr'><strong>priore</strong></span> <span class='ocrx_word' id='word_1_45' title='bbox 1314 552 1439 592; x_wconf 81' lang='lat' dir='ltr'><strong>forma</strong></span> <span class='ocrx_word' id='word_1_46' title='bbox 1471 551 1670 604; x_wconf 81' lang='lat' dir='ltr'><strong>proficisci</strong></span> 
     </span>
     <span class='ocr_line' id='line_1_7' title="bbox 179 615 1671 670; baseline 0.003 -15"><span class='ocrx_word' id='word_1_47' title='bbox 179 615 327 656; x_wconf 88' lang='lat' dir='ltr'><strong>debere</strong></span> <span class='ocrx_word' id='word_1_48' title='bbox 366 622 405 657; x_wconf 89' lang='lat' dir='ltr'><strong>et</strong></span> <span class='ocrx_word' id='word_1_49' title='bbox 442 617 538 658; x_wconf 85' lang='lat' dir='ltr'><strong>mihi</strong></span> <span class='ocrx_word' id='word_1_50' title='bbox 580 618 741 670; x_wconf 90' lang='lat' dir='ltr'><strong>quidem</strong></span> <span class='ocrx_word' id='word_1_51' title='bbox 783 617 996 658; x_wconf 87' lang='lat' dir='ltr'><strong>verisimile</strong></span> <span class='ocrx_word' id='word_1_52' title='bbox 1034 618 1211 666; x_wconf 88' lang='lat' dir='ltr'><strong>videtur,</strong></span> <span class='ocrx_word' id='word_1_53' title='bbox 1253 620 1324 660; x_wconf 88' lang='lat' dir='ltr'><strong>has</strong></span> <span class='ocrx_word' id='word_1_54' title='bbox 1362 632 1479 660; x_wconf 87' lang='lat' dir='ltr'><strong>voces</strong></span> <span class='ocrx_word' id='word_1_55' title='bbox 1508 631 1552 659; x_wconf 90' lang='lat' dir='ltr'><strong>re</strong></span> <span class='ocrx_word' id='word_1_56' title='bbox 1581 631 1671 659; x_wconf 84' lang='lat' dir='ltr'><strong>vera</strong></span> 
     </span>
     <span class='ocr_line' id='line_1_8' title="bbox 180 683 1673 738; baseline 0.003 -16"><span class='ocrx_word' id='word_1_57' title='bbox 180 683 371 724; x_wconf 84' lang='lat' dir='ltr'><strong>locativos</strong></span> <span class='ocrx_word' id='word_1_58' title='bbox 411 696 524 733; x_wconf 83' lang='lat' dir='ltr'><strong>esse,</strong></span> <span class='ocrx_word' id='word_1_59' title='bbox 565 697 732 738; x_wconf 86' lang='lat' dir='ltr'><strong>quarum</strong></span> <span class='ocrx_word' id='word_1_60' title='bbox 773 686 945 738; x_wconf 81' lang='lat' dir='ltr'><strong>genuina</strong></span> <span class='ocrx_word' id='word_1_61' title='bbox 987 686 1112 727; x_wconf 74' lang='lat' dir='ltr'><strong>forma</strong></span> <span class='ocrx_word' id='word_1_62' title='bbox 1151 687 1201 727; x_wconf 90' lang='lat' dir='ltr'><strong>ab</strong></span> <span class='ocrx_word' id='word_1_63' title='bbox 1239 687 1412 728; x_wconf 84' lang='lat' dir='ltr'><strong>Homero</strong></span> <span class='ocrx_word' id='word_1_64' title='bbox 1449 686 1529 727; x_wconf 87' lang='lat' dir='ltr'><strong>illis</strong></span> <span class='ocrx_word' id='word_1_65' title='bbox 1574 686 1673 727; x_wconf 86' lang='lat' dir='ltr'><strong>locis</strong></span> 
     </span>
     <span class='ocr_line' id='line_1_9' title="bbox 182 751 1675 807; baseline 0.002 -15"><span class='ocrx_word' id='word_1_66' title='bbox 182 751 358 793; x_wconf 86' lang='lat' dir='ltr'><strong>adbibita</strong></span> <span class='ocrx_word' id='word_1_67' title='bbox 401 753 474 804; x_wconf 88' lang='lat' dir='ltr'><strong>sit;</strong></span> <span class='ocrx_word' id='word_1_68' title='bbox 516 754 808 807; x_wconf 83' lang='lat' dir='ltr'><strong>responderent</strong></span> <span class='ocrx_word' id='word_1_69' title='bbox 846 755 969 806; x_wconf 84' lang='lat' dir='ltr'><strong>igitur</strong></span> <span class='ocrx_word' id='word_1_70' title='bbox 1011 755 1198 796; x_wconf 86' lang='lat' dir='ltr'><strong>adverbio</strong></span> <span class='ocrx_word' id='word_1_71' title='bbox 1233 754 1389 807; x_wconf 81' lang='grc' dir='ltr'><strong><em>χαμαὶ,</em></strong></span> <span class='ocrx_word' id='word_1_72' title='bbox 1433 754 1500 795; x_wconf 89' lang='lat' dir='ltr'><strong>ubi</strong></span> <span class='ocrx_word' id='word_1_73' title='bbox 1539 760 1675 806; x_wconf 87' lang='lat' dir='ltr'><strong>aperte</strong></span> 
     </span>
     <span class='ocr_line' id='line_1_10' title="bbox 182 820 1675 875; baseline 0.002 -16"><span class='ocrx_word' id='word_1_74' title='bbox 182 820 358 871; x_wconf 86' lang='lat' dir='ltr'><strong>genuina</strong></span> <span class='ocrx_word' id='word_1_75' title='bbox 389 820 546 861; x_wconf 86' lang='lat' dir='ltr'><strong>locativi</strong></span> <span class='ocrx_word' id='word_1_76' title='bbox 588 821 712 862; x_wconf 79' lang='lat' dir='ltr'><strong>forma</strong></span> <span class='ocrx_word' id='word_1_77' title='bbox 743 827 974 862; x_wconf 84' lang='lat' dir='ltr'><strong>conservata</strong></span> <span class='ocrx_word' id='word_1_78' title='bbox 1014 828 1085 862; x_wconf 89' lang='lat' dir='ltr'><strong>est.</strong></span> <span class='ocrx_word' id='word_1_79' title='bbox 1144 823 1332 872; x_wconf 86' lang='lat' dir='ltr'><strong>Quamvis</strong></span> <span class='ocrx_word' id='word_1_80' title='bbox 1373 822 1496 875; x_wconf 85' lang='lat' dir='ltr'><strong>igitur</strong></span> <span class='ocrx_word' id='word_1_81' title='bbox 1523 827 1675 862; x_wconf 87' lang='lat' dir='ltr'><strong>veteres</strong></span> 
     </span>
     <span class='ocr_line' id='line_1_11' title="bbox 182 889 1676 944; baseline 0.001 -16"><span class='ocrx_word' id='word_1_82' title='bbox 182 889 430 940; x_wconf 81' lang='lat' dir='ltr'><strong>grammatici</strong></span> <span class='ocrx_word' id='word_1_83' title='bbox 462 890 533 930; x_wconf 86' lang='lat' dir='ltr'><strong>has</strong></span> <span class='ocrx_word' id='word_1_84' title='bbox 559 890 708 930; x_wconf 83' lang='lat' dir='ltr'><strong>formas</strong></span> <span class='ocrx_word' id='word_1_85' title='bbox 740 890 896 930; x_wconf 86' lang='lat' dir='ltr'><strong>usitatis</strong></span> <span class='ocrx_word' id='word_1_86' title='bbox 919 891 1109 942; x_wconf 81' lang='lat' dir='ltr'><strong>praeferri</strong></span> <span class='ocrx_word' id='word_1_87' title='bbox 1130 892 1369 944; x_wconf 85' lang='lat' dir='ltr'><strong>pierumque</strong></span> <span class='ocrx_word' id='word_1_88' title='bbox 1389 896 1540 939; x_wconf 87' lang='lat' dir='ltr'><strong>vetent,</strong></span> <span class='ocrx_word' id='word_1_89' title='bbox 1569 889 1676 930; x_wconf 86' lang='lat' dir='ltr'><strong>velut</strong></span> 
     </span>
     <span class='ocr_line' id='line_1_12' title="bbox 186 955 1677 1010; baseline 0.002 -15"><span class='ocrx_word' id='word_1_90' title='bbox 186 956 368 996; x_wconf 84' lang='lat' dir='ltr'><strong>Eustath.</strong></span> <span class='ocrx_word' id='word_1_91' title='bbox 410 956 459 996; x_wconf 87' lang='lat' dir='ltr'><strong>ad</strong></span> <span class='ocrx_word' id='word_1_92' title='bbox 498 959 533 995; x_wconf 88' lang='lat' dir='ltr'><em>B</em></span> <span class='ocrx_word' id='word_1_93' title='bbox 562 955 630 997; x_wconf 88' lang='lat'><strong>44.</strong></span> <span class='ocrx_word' id='word_1_94' title='bbox 670 969 709 1008; x_wconf 92' lang='lat' dir='ltr'><strong>p.</strong></span> <span class='ocrx_word' id='word_1_95' title='bbox 743 955 848 1005; x_wconf 87' lang='grc'><strong>170,</strong></span> <span class='ocrx_word' id='word_1_96' title='bbox 888 963 1020 998; x_wconf 88' lang='lat' dir='ltr'><strong>tamen</strong></span> <span class='ocrx_word' id='word_1_97' title='bbox 1064 964 1171 1000; x_wconf 88' lang='lat' dir='ltr'><strong>recte</strong></span> <span class='ocrx_word' id='word_1_98' title='bbox 1200 958 1277 1010; x_wconf 86' lang='lat' dir='ltr'><strong>legi</strong></span> <span class='ocrx_word' id='word_1_99' title='bbox 1318 958 1498 998; x_wconf 85' lang='lat' dir='ltr'><strong>existimo</strong></span> <span class='ocrx_word' id='word_1_100' title='bbox 1528 957 1571 997; x_wconf 91' lang='grc' dir='ltr'><strong><em>Γ</em></strong></span> <span class='ocrx_word' id='word_1_101' title='bbox 1591 955 1677 998; x_wconf 90' lang='grc'><strong>217</strong></span> 
     </span>
     <span class='ocr_line' id='line_1_13' title="bbox 181 1019 1675 1079; baseline 0.001 -17"><span class='ocrx_word' id='word_1_102' title='bbox 181 1019 281 1063; x_wconf 80' lang='grc' dir='ltr'><strong><em>ὖπαὶ</em></strong></span> <span class='ocrx_word' id='word_1_103' title='bbox 313 1022 358 1064; x_wconf 76' lang='grc' dir='ltr'><strong>δὲ</strong></span> <span class='ocrx_word' id='word_1_104' title='bbox 386 1027 421 1063; x_wconf 85' lang='grc' dir='ltr'><strong><em>Β</em></strong></span> <span class='ocrx_word' id='word_1_105' title='bbox 439 1021 525 1065; x_wconf 88' lang='grc'><strong>824</strong></span> <span class='ocrx_word' id='word_1_106' title='bbox 552 1020 654 1063; x_wconf 68' lang='grc' dir='ltr'><strong><em>ὑπαὶ</em></strong></span> <span class='ocrx_word' id='word_1_107' title='bbox 684 1021 795 1064; x_wconf 83' lang='grc' dir='ltr'><strong><em>πόδα</em></strong></span> <span class='ocrx_word' id='word_1_108' title='bbox 837 1024 889 1065; x_wconf 94' lang='grc' dir='ltr'><em>Λ</em></span> <span class='ocrx_word' id='word_1_109' title='bbox 915 1024 1001 1065; x_wconf 89' lang='grc'><strong>417</strong></span> <span class='ocrx_word' id='word_1_110' title='bbox 1030 1024 1129 1065; x_wconf 82' lang='grc' dir='ltr'><strong><em>υπαὶ</em></strong></span> <span class='ocrx_word' id='word_1_111' title='bbox 1161 1024 1207 1066; x_wconf 76' lang='grc' dir='ltr'><strong>δὲ</strong></span> <span class='ocrx_word' id='word_1_112' title='bbox 1246 1029 1281 1065; x_wconf 86' lang='grc' dir='ltr'><em>Β</em></span> <span class='ocrx_word' id='word_1_113' title='bbox 1309 1025 1389 1066; x_wconf 87' lang='grc'><strong>711</strong></span> <span class='ocrx_word' id='word_1_114' title='bbox 1422 1023 1556 1079; x_wconf 78' lang='grc' dir='ltr'><strong><em>παραί</em></strong></span> <span class='ocrx_word' id='word_1_115' title='bbox 1581 1028 1675 1066; x_wconf 85' lang='grc' dir='ltr'><strong><em>Βοι-</em></strong></span> 
     </span>
     <span class='ocr_line' id='line_1_14' title="bbox 182 1087 1673 1147; baseline 0.001 -17"><span class='ocrx_word' id='word_1_116' title='bbox 182 1090 313 1143; x_wconf 71' lang='grc' dir='ltr'><strong><em>βηΐδα</em></strong></span> <span class='ocrx_word' id='word_1_117' title='bbox 343 1092 382 1131; x_wconf 93' lang='grc' dir='ltr'><strong><em>Ε</em></strong></span> <span class='ocrx_word' id='word_1_118' title='bbox 407 1089 495 1134; x_wconf 86' lang='grc'><strong>837</strong></span> <span class='ocrx_word' id='word_1_119' title='bbox 523 1092 652 1147; x_wconf 82' lang='grc' dir='ltr'><strong><em>παραὶ</em></strong></span> <span class='ocrx_word' id='word_1_120' title='bbox 679 1087 898 1145; x_wconf 81' lang='grc' dir='ltr'><strong><em>Διομήδεα</em></strong></span> <span class='ocrx_word' id='word_1_121' title='bbox 926 1092 977 1133; x_wconf 93' lang='grc' dir='ltr'><em>Λ</em></span> <span class='ocrx_word' id='word_1_122' title='bbox 1005 1089 1089 1133; x_wconf 78' lang='grc'><strong>233</strong></span> <span class='ocrx_word' id='word_1_123' title='bbox 1119 1091 1250 1146; x_wconf 90' lang='grc' dir='ltr'><strong><em>παραὶ</em></strong></span> <span class='ocrx_word' id='word_1_124' title='bbox 1280 1090 1325 1133; x_wconf 77' lang='grc' dir='ltr'><strong>δὲ</strong></span> <span class='ocrx_word' id='word_1_125' title='bbox 1360 1093 1408 1133; x_wconf 92' lang='grc' dir='ltr'><strong><em>Ν</em></strong></span> <span class='ocrx_word' id='word_1_126' title='bbox 1429 1090 1514 1134; x_wconf 84' lang='grc'><strong>605</strong></span> <span class='ocrx_word' id='word_1_127' title='bbox 1544 1090 1673 1147; x_wconf 80' lang='grc' dir='ltr'><strong><em>παραὶ</em></strong></span> 
     </span>
     <span class='ocr_line' id='line_1_15' title="bbox 185 1156 1675 1214; baseline 0.001 -16"><span class='ocrx_word' id='word_1_128' title='bbox 185 1157 229 1198; x_wconf 79' lang='grc' dir='ltr'><strong>δὲ</strong></span> <span class='ocrx_word' id='word_1_129' title='bbox 263 1158 299 1199; x_wconf 91' lang='grc' dir='ltr'><em>Ο</em></span> <span class='ocrx_word' id='word_1_130' title='bbox 331 1158 413 1200; x_wconf 90' lang='grc'><strong>175</strong></span> <span class='ocrx_word' id='word_1_131' title='bbox 443 1159 572 1214; x_wconf 89' lang='grc' dir='ltr'><strong><em>παραὶ</em></strong></span> <span class='ocrx_word' id='word_1_132' title='bbox 602 1156 728 1209; x_wconf 85' lang='grc' dir='ltr'><strong><em>Διός,</em></strong></span> <span class='ocrx_word' id='word_1_133' title='bbox 757 1157 843 1202; x_wconf 89' lang='grc'><strong>280</strong></span> <span class='ocrx_word' id='word_1_134' title='bbox 872 1160 1000 1213; x_wconf 88' lang='grc' dir='ltr'><strong><em>παραὶ</em></strong></span> <span class='ocrx_word' id='word_1_135' title='bbox 1030 1158 1131 1202; x_wconf 86' lang='grc' dir='ltr'><strong><em>ποσί</em></strong></span> <span class='ocrx_word' id='word_1_136' title='bbox 1154 1160 1206 1201; x_wconf 87' lang='grc' dir='ltr'><strong>,Λ</strong></span> <span class='ocrx_word' id='word_1_137' title='bbox 1229 1158 1327 1207; x_wconf 82' lang='grc'><strong>793,</strong></span> <span class='ocrx_word' id='word_1_138' title='bbox 1354 1160 1391 1202; x_wconf 92' lang='grc' dir='ltr'>Ο</span> <span class='ocrx_word' id='word_1_139' title='bbox 1412 1159 1498 1202; x_wconf 82' lang='grc'><strong>404</strong></span> <span class='ocrx_word' id='word_1_140' title='bbox 1525 1159 1675 1213; x_wconf 71' lang='grc' dir='ltr'><strong><em>παραί-</em></strong></span> 
     </span>
     <span class='ocr_line' id='line_1_16' title="bbox 184 1222 1673 1284; baseline 0.001 -17"><span class='ocrx_word' id='word_1_141' title='bbox 184 1241 310 1281; x_wconf 85' lang='grc' dir='ltr'><strong><em>φασις</em></strong></span> <span class='ocrx_word' id='word_1_142' title='bbox 339 1224 381 1267; x_wconf 87' lang='grc' dir='ltr'><em>Ω</em></span> <span class='ocrx_word' id='word_1_143' title='bbox 399 1227 479 1270; x_wconf 91' lang='grc'><strong>771</strong></span> <span class='ocrx_word' id='word_1_144' title='bbox 513 1224 828 1284; x_wconf 78' lang='grc' dir='ltr'><strong><em>παραιφάμενος</em></strong></span> <span class='ocrx_word' id='word_1_145' title='bbox 855 1222 900 1273; x_wconf 79' lang='grc' dir='ltr'><strong><em>Ξ</em></strong></span> <span class='ocrx_word' id='word_1_146' title='bbox 925 1226 1009 1271; x_wconf 93' lang='grc'><strong>208</strong></span> <span class='ocrx_word' id='word_1_147' title='bbox 1040 1230 1378 1284; x_wconf 76' lang='grc' dir='ltr'><strong><em>πραιπεπιθοῢσα</em></strong></span> <span class='ocrx_word' id='word_1_148' title='bbox 1413 1227 1459 1271; x_wconf 77' lang='grc' dir='ltr'>Ψ</span> <span class='ocrx_word' id='word_1_149' title='bbox 1485 1225 1568 1271; x_wconf 87' lang='grc'><strong>132</strong></span> <span class='ocrx_word' id='word_1_150' title='bbox 1596 1243 1673 1269; x_wconf 87' lang='grc' dir='ltr'><strong><em>πα-</em></strong></span> 
     </span>
     <span class='ocr_line' id='line_1_17' title="bbox 188 1291 1565 1349; baseline 0.003 -15"><span class='ocrx_word' id='word_1_151' title='bbox 188 1291 398 1347; x_wconf 78' lang='grc' dir='ltr'><strong><em>ραιβάται.</em></strong></span> <span class='ocrx_word' id='word_1_152' title='bbox 439 1298 757 1348; x_wconf 78' lang='lat' dir='ltr'><strong>(eonferendum</strong></span> <span class='ocrx_word' id='word_1_153' title='bbox 789 1303 849 1337; x_wconf 84' lang='lat' dir='ltr'><strong>est</strong></span> <span class='ocrx_word' id='word_1_154' title='bbox 878 1298 994 1337; x_wconf 92' lang='lat' dir='ltr'><strong>etiam</strong></span> <span class='ocrx_word' id='word_1_155' title='bbox 1022 1296 1249 1337; x_wconf 84' lang='lat' dir='ltr'><strong>adverbium</strong></span> <span class='ocrx_word' id='word_1_156' title='bbox 1279 1294 1479 1349; x_wconf 75' lang='grc' dir='ltr'><strong><em>ὕπαιθα).</em></strong></span> <span class='ocrx_word' id='word_1_157' title='bbox 1506 1319 1565 1327; x_wconf 90' lang='lat'><em>-</em></span> 
     </span>
    </p>
   </div>
   <div class='ocr_carea' id='block_1_3' title="bbox 182 1375 1676 1834">
    <p class='ocr_par' dir='ltr' id='par_1_3' title="bbox 182 1375 1676 1834">
     <span class='ocr_line' id='line_1_18' title="bbox 321 1375 1670 1429; baseline 0.001 -14"><span class='ocrx_word' id='word_1_158' title='bbox 321 1375 378 1416; x_wconf 83' lang='lat' dir='ltr'><strong>Ad</strong></span> <span class='ocrx_word' id='word_1_159' title='bbox 408 1388 521 1417; x_wconf 90' lang='lat' dir='ltr'><strong>veras</strong></span> <span class='ocrx_word' id='word_1_160' title='bbox 552 1376 837 1429; x_wconf 86' lang='lat' dir='ltr'><strong>productiones</strong></span> <span class='ocrx_word' id='word_1_161' title='bbox 868 1375 989 1429; x_wconf 85' lang='lat' dir='ltr'><strong>hujus</strong></span> <span class='ocrx_word' id='word_1_162' title='bbox 1020 1375 1179 1428; x_wconf 86' lang='lat' dir='ltr'><strong>generis</strong></span> <span class='ocrx_word' id='word_1_163' title='bbox 1209 1375 1275 1417; x_wconf 87' lang='lat' dir='ltr'><strong>hic</strong></span> <span class='ocrx_word' id='word_1_164' title='bbox 1305 1388 1468 1429; x_wconf 88' lang='lat' dir='ltr'><strong>quoque</strong></span> <span class='ocrx_word' id='word_1_165' title='bbox 1499 1376 1670 1429; x_wconf 90' lang='lat' dir='ltr'><strong>primum</strong></span> 
     </span>
     <span class='ocr_line' id='line_1_19' title="bbox 186 1443 1675 1497; baseline 0.001 -16"><span class='ocrx_word' id='word_1_166' title='bbox 186 1444 389 1483; x_wconf 84' lang='lat' dir='ltr'><strong>afferenda</strong></span> <span class='ocrx_word' id='word_1_167' title='bbox 428 1450 491 1484; x_wconf 89' lang='lat' dir='ltr'><strong>est</strong></span> <span class='ocrx_word' id='word_1_168' title='bbox 530 1445 587 1483; x_wconf 90' lang='lat' dir='ltr'><strong>vis</strong></span> <span class='ocrx_word' id='word_1_169' title='bbox 627 1455 886 1483; x_wconf 82' lang='lat' dir='ltr'><strong>caesurarum</strong></span> <span class='ocrx_word' id='word_1_170' title='bbox 927 1444 1148 1497; x_wconf 86' lang='lat' dir='ltr'><strong>majorum,</strong></span> <span class='ocrx_word' id='word_1_171' title='bbox 1195 1455 1313 1495; x_wconf 86' lang='lat' dir='ltr'><strong>quam</strong></span> <span class='ocrx_word' id='word_1_172' title='bbox 1353 1450 1485 1484; x_wconf 88' lang='lat' dir='ltr'><strong>tamen</strong></span> <span class='ocrx_word' id='word_1_173' title='bbox 1524 1443 1675 1496; x_wconf 89' lang='lat' dir='ltr'><strong>ubique</strong></span> 
     </span>
     <span class='ocr_line' id='line_1_20' title="bbox 186 1511 1676 1563; baseline 0 -12"><span class='ocrx_word' id='word_1_174' title='bbox 186 1512 270 1551; x_wconf 81' lang='lat' dir='ltr'><strong>sere</strong></span> <span class='ocrx_word' id='word_1_175' title='bbox 301 1512 407 1553; x_wconf 79' lang='lat' dir='ltr'><strong>aliud</strong></span> <span class='ocrx_word' id='word_1_176' title='bbox 439 1518 687 1553; x_wconf 85' lang='lat' dir='ltr'><strong>momentum</strong></span> <span class='ocrx_word' id='word_1_177' title='bbox 719 1511 898 1563; x_wconf 86' lang='lat' dir='ltr'><strong>adjuvat,</strong></span> <span class='ocrx_word' id='word_1_178' title='bbox 940 1517 1010 1551; x_wconf 92' lang='lat' dir='ltr'><strong>aut</strong></span> <span class='ocrx_word' id='word_1_179' title='bbox 1046 1512 1316 1563; x_wconf 80' lang='lat' dir='ltr'><strong>interpunctio</strong></span> <span class='ocrx_word' id='word_1_180' title='bbox 1355 1518 1423 1552; x_wconf 92' lang='lat' dir='ltr'><strong>aut</strong></span> <span class='ocrx_word' id='word_1_181' title='bbox 1459 1517 1599 1552; x_wconf 84' lang='lat' dir='ltr'><strong>natura</strong></span> <span class='ocrx_word' id='word_1_182' title='bbox 1631 1511 1676 1551; x_wconf 87' lang='lat' dir='ltr'><strong>li·</strong></span> 
     </span>
     <span class='ocr_line' id='line_1_21' title="bbox 188 1577 1676 1631; baseline 0 -13"><span class='ocrx_word' id='word_1_183' title='bbox 188 1579 350 1630; x_wconf 85' lang='lat' dir='ltr'><strong>quidae,</strong></span> <span class='ocrx_word' id='word_1_184' title='bbox 389 1592 492 1631; x_wconf 90' lang='lat' dir='ltr'><strong>quae</strong></span> <span class='ocrx_word' id='word_1_185' title='bbox 531 1581 572 1619; x_wconf 91' lang='lat' dir='ltr'><strong>in</strong></span> <span class='ocrx_word' id='word_1_186' title='bbox 614 1579 731 1619; x_wconf 91' lang='lat' dir='ltr'><strong>initio</strong></span> <span class='ocrx_word' id='word_1_187' title='bbox 771 1578 1054 1631; x_wconf 88' lang='lat' dir='ltr'><strong>subsequentis</strong></span> <span class='ocrx_word' id='word_1_188' title='bbox 1094 1579 1202 1619; x_wconf 87' lang='lat' dir='ltr'><strong>vocis</strong></span> <span class='ocrx_word' id='word_1_189' title='bbox 1240 1585 1366 1619; x_wconf 86' lang='lat' dir='ltr'><strong>exstat</strong></span> <span class='ocrx_word' id='word_1_190' title='bbox 1403 1585 1470 1619; x_wconf 89' lang='lat' dir='ltr'><strong>aut</strong></span> <span class='ocrx_word' id='word_1_191' title='bbox 1499 1578 1575 1618; x_wconf 86' lang='lat' dir='ltr'><strong>tale</strong></span> <span class='ocrx_word' id='word_1_192' title='bbox 1605 1577 1676 1618; x_wconf 87' lang='lat' dir='ltr'><strong>ali-</strong></span> 
     </span>
     <span class='ocr_line' id='line_1_22' title="bbox 190 1645 1676 1699; baseline 0 -13"><span class='ocrx_word' id='word_1_193' title='bbox 190 1647 307 1699; x_wconf 89' lang='lat' dir='ltr'><strong>quid;</strong></span> <span class='ocrx_word' id='word_1_194' title='bbox 347 1647 469 1699; x_wconf 87' lang='lat' dir='ltr'><strong>idque</strong></span> <span class='ocrx_word' id='word_1_195' title='bbox 499 1660 574 1688; x_wconf 89' lang='lat' dir='ltr'><strong>suo</strong></span> <span class='ocrx_word' id='word_1_196' title='bbox 600 1647 714 1699; x_wconf 87' lang='lat' dir='ltr'><strong>jure,</strong></span> <span class='ocrx_word' id='word_1_197' title='bbox 754 1659 845 1687; x_wconf 90' lang='lat' dir='ltr'><strong>nam</strong></span> <span class='ocrx_word' id='word_1_198' title='bbox 884 1647 1169 1698; x_wconf 83' lang='lat' dir='ltr'><strong>productiones</strong></span> <span class='ocrx_word' id='word_1_199' title='bbox 1210 1646 1329 1699; x_wconf 88' lang='lat' dir='ltr'><strong>hujus</strong></span> <span class='ocrx_word' id='word_1_200' title='bbox 1360 1646 1520 1699; x_wconf 87' lang='lat' dir='ltr'><strong>generis</strong></span> <span class='ocrx_word' id='word_1_201' title='bbox 1548 1645 1676 1697; x_wconf 83' lang='lat' dir='ltr'><strong>magis</strong></span> 
     </span>
     <span class='ocr_line' id='line_1_23' title="bbox 184 1712 1674 1768; baseline 0 -15"><span class='ocrx_word' id='word_1_202' title='bbox 184 1714 386 1754; x_wconf 83' lang='lat' dir='ltr'><strong>oflendere</strong></span> <span class='ocrx_word' id='word_1_203' title='bbox 422 1726 542 1767; x_wconf 89' lang='lat' dir='ltr'><strong>posse</strong></span> <span class='ocrx_word' id='word_1_204' title='bbox 584 1727 702 1768; x_wconf 89' lang='lat' dir='ltr'><strong>quam</strong></span> <span class='ocrx_word' id='word_1_205' title='bbox 743 1714 889 1767; x_wconf 87' lang='lat' dir='ltr'><strong>prioris</strong></span> <span class='ocrx_word' id='word_1_206' title='bbox 920 1720 959 1754; x_wconf 91' lang='lat' dir='ltr'><strong>et</strong></span> <span class='ocrx_word' id='word_1_207' title='bbox 998 1714 1102 1754; x_wconf 88' lang='lat' dir='ltr'><strong>hanc</strong></span> <span class='ocrx_word' id='word_1_208' title='bbox 1141 1713 1192 1754; x_wconf 90' lang='lat' dir='ltr'><strong>ob</strong></span> <span class='ocrx_word' id='word_1_209' title='bbox 1230 1725 1315 1754; x_wconf 90' lang='lat' dir='ltr'><strong>rem</strong></span> <span class='ocrx_word' id='word_1_210' title='bbox 1355 1726 1474 1767; x_wconf 88' lang='lat' dir='ltr'><strong>quam</strong></span> <span class='ocrx_word' id='word_1_211' title='bbox 1504 1712 1674 1753; x_wconf 87' lang='lat' dir='ltr'><strong>maxime</strong></span> 
     </span>
     <span class='ocr_line' id='line_1_24' title="bbox 182 1782 1361 1834; baseline 0 -12"><span class='ocrx_word' id='word_1_212' title='bbox 182 1783 293 1822; x_wconf 83' lang='lat' dir='ltr'><strong>firma</strong></span> <span class='ocrx_word' id='word_1_213' title='bbox 326 1783 582 1822; x_wconf 87' lang='lat' dir='ltr'><strong>excusatione</strong></span> <span class='ocrx_word' id='word_1_214' title='bbox 613 1795 750 1834; x_wconf 81' lang='lat' dir='ltr'><strong>egere,</strong></span> <span class='ocrx_word' id='word_1_215' title='bbox 781 1794 902 1833; x_wconf 79' lang='lat' dir='ltr'><strong>supra</strong></span> <span class='ocrx_word' id='word_1_216' title='bbox 927 1782 1010 1834; x_wconf 88' lang='lat' dir='ltr'><strong>jam</strong></span> <span class='ocrx_word' id='word_1_217' title='bbox 1044 1782 1361 1822; x_wconf 90' lang='lat' dir='ltr'><strong>commemoravi.</strong></span> 
     </span>
    </p>
   </div>
   <div class='ocr_carea' id='block_1_4' title="bbox 330 1861 1057 1914">
    <p class='ocr_par' dir='ltr' id='par_1_4' title="bbox 330 1861 1057 1914">
     <span class='ocr_line' id='line_1_25' title="bbox 330 1861 1057 1914; baseline -0.001 -12"><span class='ocrx_word' id='word_1_218' title='bbox 330 1861 584 1902; x_wconf 85' lang='lat' dir='ltr'><strong>Excusantur</strong></span> <span class='ocrx_word' id='word_1_219' title='bbox 612 1861 741 1914; x_wconf 88' lang='lat' dir='ltr'><strong>igitur</strong></span> <span class='ocrx_word' id='word_1_220' title='bbox 770 1861 1057 1914; x_wconf 89' lang='lat' dir='ltr'><strong>productiones</strong></span> 
     </span>
    </p>
   </div>
   <div class='ocr_carea' id='block_1_5' title="bbox 183 1934 1677 2188">
    <p class='ocr_par' dir='ltr' id='par_1_5' title="bbox 183 1934 1677 2188">
     <span class='ocr_line' id='line_1_26' title="bbox 237 1934 1673 1993; baseline -0.002 -11"><span class='ocrx_word' id='word_1_221' title='bbox 237 1943 281 1990; x_wconf 79' lang='lat' dir='ltr'><strong>a)</strong></span> <span class='ocrx_word' id='word_1_222' title='bbox 323 1941 576 1982; x_wconf 89' lang='lat' dir='ltr'><strong>Caesurae</strong></span> <span class='ocrx_word' id='word_1_223' title='bbox 624 1940 1046 1993; x_wconf 87' lang='lat' dir='ltr'><strong>semiquinariae</strong></span> <span class='ocrx_word' id='word_1_224' title='bbox 1096 1939 1274 1993; x_wconf 91' lang='lat' dir='ltr'><strong>pondere</strong></span> <span class='ocrx_word' id='word_1_225' title='bbox 1314 1938 1353 1980; x_wconf 89' lang='lat' dir='ltr'><strong><em>E</em></strong></span> <span class='ocrx_word' id='word_1_226' title='bbox 1386 1937 1470 1980; x_wconf 91' lang='lat'>745</span> <span class='ocrx_word' id='word_1_227' title='bbox 1522 1934 1673 1979; x_wconf 75' lang='grc'><strong>6389</strong></span> 
     </span>
     <span class='ocr_line' id='line_1_27' title="bbox 183 1998 1674 2052; baseline -0.003 -1"><span class='ocrx_word' id='word_1_228' title='bbox 183 2012 222 2051; x_wconf 92' lang='grc' dir='ltr'><em>Ε</em></span> <span class='ocrx_word' id='word_1_229' title='bbox 247 2009 333 2051; x_wconf 93' lang='grc'><strong>827</strong></span> <span class='ocrx_word' id='word_1_230' title='bbox 370 2010 413 2050; x_wconf 80' lang='grc' dir='ltr'><em>Δ</em></span> <span class='ocrx_word' id='word_1_231' title='bbox 440 2008 520 2051; x_wconf 87' lang='grc'><strong>321</strong></span> <span class='ocrx_word' id='word_1_232' title='bbox 562 2010 615 2049; x_wconf 89' lang='grc' dir='ltr'><em>Λ</em></span> <span class='ocrx_word' id='word_1_233' title='bbox 634 2007 717 2050; x_wconf 89' lang='grc'><strong>305</strong></span> <span class='ocrx_word' id='word_1_234' title='bbox 745 2007 831 2049; x_wconf 91' lang='grc'><strong>477</strong></span> <span class='ocrx_word' id='word_1_235' title='bbox 857 2004 902 2052; x_wconf 83' lang='grc' dir='ltr'><em>Ξ</em></span> <span class='ocrx_word' id='word_1_236' title='bbox 926 2007 1010 2049; x_wconf 87' lang='grc'><strong>320</strong></span> <span class='ocrx_word' id='word_1_237' title='bbox 1037 2009 1089 2048; x_wconf 91' lang='grc' dir='ltr'><em>Π</em></span> <span class='ocrx_word' id='word_1_238' title='bbox 1111 2008 1195 2049; x_wconf 85' lang='grc'><strong>774</strong></span> <span class='ocrx_word' id='word_1_239' title='bbox 1228 2009 1266 2048; x_wconf 88' lang='grc' dir='ltr'><em>Ρ</em></span> <span class='ocrx_word' id='word_1_240' title='bbox 1291 2007 1376 2049; x_wconf 89' lang='grc'><strong>299</strong></span> <span class='ocrx_word' id='word_1_241' title='bbox 1405 2006 1491 2048; x_wconf 90' lang='grc'><strong>626</strong></span> <span class='ocrx_word' id='word_1_242' title='bbox 1521 2001 1567 2050; x_wconf 79' lang='grc' dir='ltr'><em>Ξ</em></span> <span class='ocrx_word' id='word_1_243' title='bbox 1589 1998 1674 2046; x_wconf 85' lang='grc'><strong>444</strong></span> 
     </span>
     <span class='ocr_line' id='line_1_28' title="bbox 190 2071 1677 2128; baseline -0.003 -10"><span class='ocrx_word' id='word_1_244' title='bbox 190 2079 232 2118; x_wconf 94' lang='lat' dir='ltr'><em>T</em></span> <span class='ocrx_word' id='word_1_245' title='bbox 256 2076 341 2118; x_wconf 88' lang='grc'><strong>400</strong></span> <span class='ocrx_word' id='word_1_246' title='bbox 372 2074 415 2117; x_wconf 87' lang='grc' dir='ltr'><strong>Ω</strong></span> <span class='ocrx_word' id='word_1_247' title='bbox 445 2076 527 2118; x_wconf 88' lang='grc'><strong>119</strong></span> <span class='ocrx_word' id='word_1_248' title='bbox 559 2074 642 2118; x_wconf 88' lang='grc'><strong>176</strong></span> <span class='ocrx_word' id='word_1_249' title='bbox 672 2075 726 2116; x_wconf 87' lang='grc' dir='ltr'>Η</span> <span class='ocrx_word' id='word_1_250' title='bbox 748 2073 834 2117; x_wconf 88' lang='grc'><strong>228</strong></span> <span class='ocrx_word' id='word_1_251' title='bbox 862 2075 973 2126; x_wconf 85' lang='lat' dir='ltr'><strong>(item</strong></span> <span class='ocrx_word' id='word_1_252' title='bbox 1004 2075 1056 2116; x_wconf 89' lang='grc' dir='ltr'><strong><em>Π</em></strong></span> <span class='ocrx_word' id='word_1_253' title='bbox 1080 2074 1174 2118; x_wconf 87' lang='lat'>146.</span> <span class='ocrx_word' id='word_1_254' title='bbox 1205 2073 1310 2128; x_wconf 90' lang='lat'>575)</span> <span class='ocrx_word' id='word_1_255' title='bbox 1339 2075 1388 2116; x_wconf 88' lang='lat' dir='ltr'><strong><em>N</em></strong></span> <span class='ocrx_word' id='word_1_256' title='bbox 1410 2072 1494 2117; x_wconf 88' lang='grc'><strong>324</strong></span> <span class='ocrx_word' id='word_1_257' title='bbox 1528 2073 1564 2115; x_wconf 94' lang='grc' dir='ltr'>Ο</span> <span class='ocrx_word' id='word_1_258' title='bbox 1592 2071 1677 2115; x_wconf 87' lang='grc'><strong>617</strong></span> 
     </span>
     <span class='ocr_line' id='line_1_29' title="bbox 188 2140 894 2188; baseline -0.006 -2"><span class='ocrx_word' id='word_1_259' title='bbox 188 2146 226 2185; x_wconf 92' lang='grc' dir='ltr'><em>Ρ</em></span> <span class='ocrx_word' id='word_1_260' title='bbox 249 2144 334 2186; x_wconf 87' lang='grc'><strong>296</strong></span> <span class='ocrx_word' id='word_1_261' title='bbox 362 2145 407 2186; x_wconf 93' lang='grc' dir='ltr'><em>Δ</em></span> <span class='ocrx_word' id='word_1_262' title='bbox 437 2144 519 2186; x_wconf 90' lang='grc'><strong>155</strong></span> <span class='ocrx_word' id='word_1_263' title='bbox 547 2145 586 2184; x_wconf 92' lang='grc' dir='ltr'><strong>Ε</strong></span> <span class='ocrx_word' id='word_1_264' title='bbox 611 2143 695 2185; x_wconf 88' lang='grc'><strong>359</strong></span> <span class='ocrx_word' id='word_1_265' title='bbox 726 2140 771 2188; x_wconf 82' lang='grc' dir='ltr'><strong><em>Ξ</em></strong></span> <span class='ocrx_word' id='word_1_266' title='bbox 796 2142 894 2185; x_wconf 92' lang='grc'><strong>320.</strong></span> 
     </span>
    </p>
   </div>
   <div class='ocr_carea' id='block_1_6' title="bbox 186 2218 1676 2334">
    <p class='ocr_par' dir='ltr' id='par_1_6' title="bbox 186 2218 1676 2334">
     <span class='ocr_line' id='line_1_30' title="bbox 240 2218 1676 2277; baseline -0.003 -12"><span class='ocrx_word' id='word_1_267' title='bbox 240 2225 287 2277; x_wconf 90' lang='lat' dir='ltr'><strong>b)</strong></span> <span class='ocrx_word' id='word_1_268' title='bbox 326 2237 574 2265; x_wconf 90' lang='lat' dir='ltr'><strong>caesurae</strong></span> <span class='ocrx_word' id='word_1_269' title='bbox 605 2222 1082 2276; x_wconf 89' lang='lat' dir='ltr'><strong>semiseptenariae</strong></span> <span class='ocrx_word' id='word_1_270' title='bbox 1114 2221 1290 2274; x_wconf 89' lang='lat' dir='ltr'><strong>pondere</strong></span> <span class='ocrx_word' id='word_1_271' title='bbox 1316 2220 1343 2260; x_wconf 91' lang='lat' dir='ltr'><strong><em>I</em></strong></span> <span class='ocrx_word' id='word_1_272' title='bbox 1365 2219 1450 2262; x_wconf 91' lang='lat'><strong>457</strong></span> <span class='ocrx_word' id='word_1_273' title='bbox 1479 2219 1564 2261; x_wconf 87' lang='lat'><strong>574</strong></span> <span class='ocrx_word' id='word_1_274' title='bbox 1592 2218 1676 2261; x_wconf 81' lang='lat'><strong>255</strong></span> 
     </span>
     <span class='ocr_line' id='line_1_31' title="bbox 186 2285 1572 2334; baseline -0.004 0"><span class='ocrx_word' id='word_1_275' title='bbox 186 2292 264 2334; x_wconf 84' lang='lat'><strong>191</strong></span> <span class='ocrx_word' id='word_1_276' title='bbox 297 2293 349 2334; x_wconf 82' lang='lat' dir='ltr'><em>A</em></span> <span class='ocrx_word' id='word_1_277' title='bbox 377 2290 461 2334; x_wconf 91' lang='lat'>480</span> <span class='ocrx_word' id='word_1_278' title='bbox 492 2292 544 2332; x_wconf 91' lang='grc' dir='ltr'><strong><em>Π</em></strong></span> <span class='ocrx_word' id='word_1_279' title='bbox 564 2290 634 2333; x_wconf 88' lang='grc'><strong>21.</strong></span> <span class='ocrx_word' id='word_1_280' title='bbox 667 2289 752 2332; x_wconf 90' lang='grc'><strong>216</strong></span> <span class='ocrx_word' id='word_1_281' title='bbox 781 2291 819 2331; x_wconf 90' lang='grc' dir='ltr'><strong>Ρ</strong></span> <span class='ocrx_word' id='word_1_282' title='bbox 843 2289 929 2332; x_wconf 88' lang='lat'>594</span> <span class='ocrx_word' id='word_1_283' title='bbox 955 2289 1035 2331; x_wconf 90' lang='lat'><strong>751</strong></span> <span class='ocrx_word' id='word_1_284' title='bbox 1074 2291 1112 2330; x_wconf 90' lang='lat' dir='ltr'><strong>Y</strong></span> <span class='ocrx_word' id='word_1_285' title='bbox 1136 2289 1192 2332; x_wconf 92' lang='lat'><strong>55</strong></span> <span class='ocrx_word' id='word_1_286' title='bbox 1228 2289 1273 2330; x_wconf 80' lang='grc' dir='ltr'><strong>Ψ</strong></span> <span class='ocrx_word' id='word_1_287' title='bbox 1296 2287 1381 2330; x_wconf 90' lang='grc'><strong>715</strong></span> <span class='ocrx_word' id='word_1_288' title='bbox 1409 2288 1449 2328; x_wconf 87' lang='grc' dir='ltr'><strong><em>Ε</em></strong></span> <span class='ocrx_word' id='word_1_289' title='bbox 1473 2285 1572 2329; x_wconf 92' lang='grc'><strong>887.</strong></span> 
     </span>
    </p>
   </div>
   <div class='ocr_carea' id='block_1_7' title="bbox 186 2365 1676 2483">
    <p class='ocr_par' dir='ltr' id='par_1_7' title="bbox 186 2365 1676 2483">
     <span class='ocr_line' id='line_1_32' title="bbox 239 2365 1676 2423; baseline -0.003 -10"><span class='ocrx_word' id='word_1_290' title='bbox 239 2375 279 2423; x_wconf 93' lang='lat' dir='ltr'><strong>c)</strong></span> <span class='ocrx_word' id='word_1_291' title='bbox 320 2385 577 2413; x_wconf 85' lang='lat' dir='ltr'><strong>caesurae</strong></span> <span class='ocrx_word' id='word_1_292' title='bbox 626 2371 1045 2413; x_wconf 86' lang='lat' dir='ltr'><strong>semiternariae</strong></span> <span class='ocrx_word' id='word_1_293' title='bbox 1094 2369 1272 2423; x_wconf 90' lang='lat' dir='ltr'><strong>pondere</strong></span> <span class='ocrx_word' id='word_1_294' title='bbox 1319 2365 1469 2410; x_wconf 72' lang='lat'><strong>13:359</strong></span> <span class='ocrx_word' id='word_1_295' title='bbox 1516 2365 1676 2409; x_wconf 90' lang='grc' dir='ltr'><strong>Π556</strong></span> 
     </span>
     <span class='ocr_line' id='line_1_33' title="bbox 186 2435 1198 2483; baseline -0.004 0"><span class='ocrx_word' id='word_1_296' title='bbox 186 2440 339 2483; x_wconf 85' lang='grc' dir='ltr'><strong>Φ474</strong></span> <span class='ocrx_word' id='word_1_297' title='bbox 377 2438 771 2483; x_wconf 80' lang='grc' dir='ltr'><strong>Ψ602Ω88.7.</strong></span> <span class='ocrx_word' id='word_1_298' title='bbox 806 2435 1198 2481; x_wconf 89' lang='grc' dir='ltr'><strong>Ρ403Β39.-</strong></span> 
     </span>
    </p>
   </div>
   <div class='ocr_carea' id='block_1_8' title="bbox 318 2515 1674 2574">
    <p class='ocr_par' dir='ltr' id='par_1_8' title="bbox 318 2515 1674 2574">
     <span class='ocr_line' id='line_1_34' title="bbox 318 2515 1674 2574; baseline -0.007 -11"><span class='ocrx_word' id='word_1_299' title='bbox 318 2522 525 2562; x_wconf 82' lang='lat' dir='ltr'><strong>Interdum</strong></span> <span class='ocrx_word' id='word_1_300' title='bbox 566 2521 869 2574; x_wconf 88' lang='lat' dir='ltr'><strong>productionem</strong></span> <span class='ocrx_word' id='word_1_301' title='bbox 913 2525 1053 2560; x_wconf 88' lang='lat' dir='ltr'><strong>natura</strong></span> <span class='ocrx_word' id='word_1_302' title='bbox 1092 2516 1239 2558; x_wconf 82' lang='lat' dir='ltr'><strong>vocalis</strong></span> <span class='ocrx_word' id='word_1_303' title='bbox 1269 2533 1283 2556; x_wconf 87' lang='grc' dir='ltr'><strong><em>ι</em></strong></span> <span class='ocrx_word' id='word_1_304' title='bbox 1313 2515 1515 2564; x_wconf 85' lang='lat' dir='ltr'><strong>excusari,</strong></span> <span class='ocrx_word' id='word_1_305' title='bbox 1553 2527 1674 2567; x_wconf 90' lang='lat' dir='ltr'><strong>supra</strong></span> 
     </span>
    </p>
   </div>
   <div class='ocr_carea' id='block_1_9' title="bbox 172 2582 1676 2711">
    <p class='ocr_par' dir='ltr' id='par_1_9' title="bbox 172 2582 1676 2711">
     <span class='ocr_line' id='line_1_35' title="bbox 172 2582 1675 2643; baseline -0.005 -13"><span class='ocrx_word' id='word_1_306' title='bbox 172 2591 255 2643; x_wconf 85' lang='lat' dir='ltr'><strong>jam</strong></span> <span class='ocrx_word' id='word_1_307' title='bbox 296 2590 618 2631; x_wconf 79' lang='lat' dir='ltr'><strong>commemoravi,</strong></span> <span class='ocrx_word' id='word_1_308' title='bbox 681 2588 808 2642; x_wconf 88' lang='lat' dir='ltr'><strong>Cujus</strong></span> <span class='ocrx_word' id='word_1_309' title='bbox 848 2587 1005 2641; x_wconf 86' lang='lat' dir='ltr'><strong>generis</strong></span> <span class='ocrx_word' id='word_1_310' title='bbox 1036 2591 1155 2637; x_wconf 85' lang='lat' dir='ltr'><strong>sunt,</strong></span> <span class='ocrx_word' id='word_1_311' title='bbox 1200 2590 1243 2625; x_wconf 90' lang='lat' dir='ltr'><strong>ut</strong></span> <span class='ocrx_word' id='word_1_312' title='bbox 1271 2583 1463 2625; x_wconf 82' lang='lat' dir='ltr'><strong>nonnulla</strong></span> <span class='ocrx_word' id='word_1_313' title='bbox 1495 2582 1675 2635; x_wconf 88' lang='lat' dir='ltr'><strong>exempla</strong></span> 
     </span>
     <span class='ocr_line' id='line_1_36' title="bbox 179 2647 1676 2711; baseline -0.005 -13"><span class='ocrx_word' id='word_1_314' title='bbox 179 2659 361 2706; x_wconf 83' lang='lat' dir='ltr'><strong>afferam,</strong></span> <span class='ocrx_word' id='word_1_315' title='bbox 402 2658 441 2697; x_wconf 94' lang='lat' dir='ltr'><em>E</em></span> <span class='ocrx_word' id='word_1_316' title='bbox 470 2655 552 2698; x_wconf 85' lang='lat'><strong>156</strong></span> <span class='ocrx_word' id='word_1_317' title='bbox 584 2654 729 2711; x_wconf 75' lang='grc' dir='ltr'><strong><em>πατέρι</em></strong></span> <span class='ocrx_word' id='word_1_318' title='bbox 760 2655 804 2697; x_wconf 80' lang='grc' dir='ltr'><strong>δὲ</strong></span> <span class='ocrx_word' id='word_1_319' title='bbox 843 2656 871 2696; x_wconf 92' lang='lat' dir='ltr'><em>I</em></span> <span class='ocrx_word' id='word_1_320' title='bbox 899 2654 982 2696; x_wconf 90' lang='grc'><strong>180</strong></span> <span class='ocrx_word' id='word_1_321' title='bbox 1015 2652 1227 2705; x_wconf 78' lang='grc' dir='ltr'><strong><em>Ὀδυσσῆϊ</em></strong></span> <span class='ocrx_word' id='word_1_322' title='bbox 1262 2650 1307 2692; x_wconf 76' lang='grc' dir='ltr'><strong>δὲ</strong></span> <span class='ocrx_word' id='word_1_323' title='bbox 1345 2652 1384 2692; x_wconf 90' lang='grc' dir='ltr'><em>Ρ</em></span> <span class='ocrx_word' id='word_1_324' title='bbox 1411 2649 1492 2692; x_wconf 89' lang='grc'><strong>123</strong></span> <span class='ocrx_word' id='word_1_325' title='bbox 1521 2647 1676 2691; x_wconf 71' lang='grc' dir='ltr'><strong><em>Αἴαντι</em></strong></span> 
     </span>
    </p>
   </div>
   <div class='ocr_carea' id='block_1_10' title="bbox 180 2710 1679 2781">
    <p class='ocr_par' dir='ltr' id='par_1_10' title="bbox 180 2710 1679 2781">
     <span class='ocr_line' id='line_1_37' title="bbox 180 2710 1679 2781; baseline -0.004 -14"><span class='ocrx_word' id='word_1_326' title='bbox 180 2724 223 2767; x_wconf 78' lang='grc' dir='ltr'><strong>δὲ</strong></span> <span class='ocrx_word' id='word_1_327' title='bbox 253 2726 303 2766; x_wconf 93' lang='grc' dir='ltr'><strong><em>Χ</em></strong></span> <span class='ocrx_word' id='word_1_328' title='bbox 328 2724 412 2768; x_wconf 88' lang='grc'><strong>314</strong></span> <span class='ocrx_word' id='word_1_329' title='bbox 442 2722 592 2781; x_wconf 75' lang='grc' dir='ltr'><strong><em>κόρυθι</em></strong></span> <span class='ocrx_word' id='word_1_330' title='bbox 624 2723 669 2767; x_wconf 81' lang='grc' dir='ltr'><strong>δὲ</strong></span> <span class='ocrx_word' id='word_1_331' title='bbox 700 2724 737 2766; x_wconf 91' lang='grc' dir='ltr'><strong><em>Ρ</em></strong></span> <span class='ocrx_word' id='word_1_332' title='bbox 763 2723 846 2767; x_wconf 86' lang='grc'><strong>152</strong></span> <span class='ocrx_word' id='word_1_333' title='bbox 876 2720 1021 2765; x_wconf 82' lang='grc' dir='ltr'><strong><em>πτόλεΐ</em></strong></span> <span class='ocrx_word' id='word_1_334' title='bbox 1045 2720 1090 2763; x_wconf 73' lang='grc' dir='ltr'><strong>δέ</strong></span> <span class='ocrx_word' id='word_1_335' title='bbox 1120 2721 1158 2763; x_wconf 90' lang='grc' dir='ltr'><em>Β</em></span> <span class='ocrx_word' id='word_1_336' title='bbox 1191 2719 1273 2763; x_wconf 87' lang='grc'><strong>116</strong></span> <span class='ocrx_word' id='word_1_337' title='bbox 1302 2710 1342 2762; x_wconf 73' lang='lat' dir='ltr'><strong>et</strong></span> <span class='ocrx_word' id='word_1_338' title='bbox 1370 2719 1529 2774; x_wconf 84' lang='lat' dir='ltr'><strong>saepius</strong></span> <span class='ocrx_word' id='word_1_339' title='bbox 1557 2713 1679 2772; x_wconf 75' lang='grc' dir='ltr'><strong><em>ὕπερ·</em></strong></span> 
     </span>
    </p>
   </div>
  </div>
 </body>
</html>
