1878 3190
796 228 1080 279 ἀπ’-

198 348 438 404 quibusdam
476 349 624 404 epicis,
661 348 768 392 velut
797 347 893 399 ἔπος
920 348 956 400 ὅ,
980 346 1192 402 χωόμενος
1220 344 1300 399 ὅτε,
1334 348 1493 391 similia.
1524 372 1577 381 —
1608 350 1685 393 De-

199 419 321 472 nique
361 420 498 460 eadem
538 419 691 459 ratione
726 419 981 472 explicandas
1021 422 1118 470 puto
1158 417 1438 470 productiones
1465 425 1556 460 ante
1584 416 1683 472 ἔχω,

200 488 306 541 quod
338 488 433 529 item
464 482 680 529 consonam
710 488 917 536 initialem,
945 477 1099 527 literam
1117 501 1156 535 σ,
1186 487 1297 539 prius
1314 486 1559 540 exhibuisse,
1592 500 1682 528 cum

201 566 248 595 ex
276 555 424 608 linguis
450 555 712 608 propinquis,
743 561 826 596 tum
861 568 908 596 ex
936 556 1020 608 ipsa
1049 555 1184 606 lingua
1217 555 1364 594 Graeca
1396 555 1581 596 concludi
1616 568 1686 607 po-

200 628 280 664 test
315 623 518 674 (conferas
549 623 737 665 aoristum
778 620 898 676 ἴσχον
929 623 1068 664 extrita
1101 622 1222 662 vocali
1254 637 1295 671 ε,
1327 622 1602 675 imperfectum
1634 620 1686 665 εἶ-

196 704 274 742 χον
304 703 377 744 pro
406 688 642 743 ἔ-σεχ-ον,
675 692 911 744 productum
940 704 1016 733 συν
1046 691 1086 731 in
1119 688 1282 741 συνεχὲς
1311 690 1369 730 Μ
1377 690 1447 740 26,
1478 692 1599 731 multa
1631 693 1685 732 si-

201 758 343 811 milia).
400 759 450 800 Et
479 760 582 800 sicut
599 755 670 809 ὡς,
696 757 855 809 ἵεσθαι,
882 756 939 808 ὃς,
970 759 1087 799 etiam
1110 754 1202 810 ἔχω,
1234 758 1266 797 si
1284 758 1519 810 producitur
1536 760 1684 812 syllaba

201 827 463 877 antecedens,
493 828 534 868 in
567 834 672 868 certa
704 827 861 867 dicendi
894 826 1060 867 formula
1093 831 1233 876 exstat,
1264 826 1316 866 ita
1349 833 1392 867 ut
1420 829 1482 867 vix
1511 828 1684 868 dubitari

201 894 349 947 possit,
387 895 484 949 quin
522 907 564 935 re
602 908 690 936 vera
727 895 794 936 illa
835 895 1053 948 explicandi
1085 895 1186 935 ratio
1218 895 1295 935 huc
1325 902 1489 947 spectet.
1516 920 1567 926 —
1603 898 1686 937 Hoc

201 963 324 1014 igitur
362 963 481 1003 modo
510 964 796 1017 productiones
833 964 931 1004 mihi
963 962 1194 1016 probandae
1223 962 1410 1004 videntur
1438 964 1485 1005 A
1501 963 1558 1006 85
1587 967 1685 1006 θεο-

201 1029 376 1085 πρόπιον
404 1028 480 1079 ὅτι,
509 1032 549 1073 Ε
571 1031 656 1074 ’752
688 1029 729 1073 Θ
755 1030 839 1074 396
868 1029 1155 1085 κεντρηνεκέας
1195 1028 1288 1082 ἕχον
1313 1030 1479 1081 ἵππους,
1508 1040 1547 1073 et
1576 1034 1687 1073 simi·

202 1098 294 1138 liter
324 1098 470 1140 0504
499 1097 733 1154 θυγατέρος
760 1091 824 1154 ἧς.
892 1100 1028 1153 Neque
1067 1099 1220 1139 alienae
1254 1103 1347 1141 sun't
1378 1100 1427 1141 ab
1458 1101 1533 1143 hac
1564 1101 1688 1155 expli-

201 1167 317 1208 candi
355 1169 508 1209 ratione
548 1169 833 1222 productiones
861 1168 913 1208 A
943 1166 1027 1209 463
1058 1164 1143 1208 ἄϊεν
1181 1165 1390 1219 ἰάχοντος,
1430 1164 1494 1218 Ξ,
1539 1166 1689 1209 ἔλαθεν

203 1230 314 1287 ἰαχή,
345 1246 435 1275 nam
467 1236 539 1276 has
570 1247 686 1276 voces
718 1236 765 1276 ad
797 1235 970 1276 radicem
1003 1236 1325 1288 Fax-pertinere
1355 1241 1394 1276 et
1415 1236 1563 1277 formas
1581 1236 1691 1289 prin-

202 1302 353 1355 cipales
392 1300 585 1355 FOEdxw,
623 1300 787 1355 ΡιΡαχῆ
827 1304 1059 1344 statuendas
1102 1316 1215 1351 esse,
1259 1304 1466 1356 Bentlejus
1503 1305 1691 1356 explicuit

208 1369 234 1410 Ι.
262 1369 287 1409 1.
316 1369 331 1409 1
362 1382 399 1423 p.
432 1368 527 1412 340.
585 1371 782 1412 Homerus
820 1371 980 1424 quidem
1011 1371 1083 1412 has
1115 1373 1265 1424 primas
1297 1372 1443 1413 formas
1484 1372 1690 1426 ignorasse

202 1439 381 1489 videtur,
416 1441 486 1480 sed
517 1440 710 1481 formulas
739 1440 828 1480 illas
858 1453 880 1480 e
904 1441 1042 1494 ,priore
1072 1441 1184 1493 poesi
1218 1442 1381 1493 recepit.
1418 1465 1453 1470 -—
1502 1431 1688 1481 Ceterum

203 1508 400 1557 existimo,
430 1508 470 1548 in
502 1509 689 1550 omnibus
719 1509 782 1550 his
813 1509 976 1550 vocibus
1007 1509 1194 1562 syllabam
1227 1509 1334 1549 illam
1366 1509 1539 1556 brevem,
1572 1516 1615 1549 ut
1644 1510 1686 1548 in

203 1577 336 1628 priore
374 1577 511 1628 poesi,
559 1577 676 1617 etiam
717 1577 822 1629 apud
854 1577 1070 1618 Homerum
1106 1577 1226 1630 paulo
1267 1578 1458 1618 intentam
1501 1577 1561 1617 vel
1597 1589 1689 1630 pro-

206 1643 361 1685 ductam
393 1645 695 1697 pronunciatam
725 1658 828 1686 esse.

344 1712 430 1752 Jam
463 1712 575 1753 locus
605 1713 741 1761 adest,
776 1713 841 1753 ubi
875 1713 924 1752 de
954 1713 1146 1766 exemplis
1173 1714 1249 1753 illis
1280 1713 1493 1766 separatim
1523 1712 1689 1765 prolatis

204 1781 341 1834 paucis
382 1781 535 1830 dicam,
576 1793 678 1834 quae
727 1781 856 1834 primo
896 1780 1037 1822 obtutu
1077 1783 1253 1823 caesuris
1290 1787 1444 1823 tantum
1485 1780 1687 1833 probanda

203 1849 458 1899 videbantur,
501 1851 682 1902 quamvis
719 1861 815 1890 sane
846 1850 910 1890 hic
940 1862 1156 1890 consonam
1188 1851 1300 1902 prius
1331 1850 1371 1889 in
1403 1849 1519 1889 initio
1548 1861 1687 1889 vocum

204 1917 439 1970 productam
486 1917 675 1970 syllabam
719 1917 1056 1970 subsequentium
1094 1918 1294 1958 exstitisse
1331 1923 1493 1970 pateret.
1561 1918 1691 1965 Quae-

205 1998 294 2025 rere
325 1986 431 2025 enim
463 1985 606 2037 possis,
638 1990 769 2025 utrum
801 1985 850 2025 ad
881 1998 926 2026 ea
958 1998 1116 2038 quoque
1147 1999 1267 2026 causa
1301 1986 1418 2025 modo
1449 1997 1688 2024 commemo—

205 2059 290 2094 rata
327 2053 526 2094 afferenda
566 2054 628 2094 sit.
695 2053 875 2094 Profecto
908 2053 1139 2094 difficillima
1172 2067 1236 2095 res
1267 2062 1305 2095 et
1335 2054 1395 2094 vix
1426 2052 1690 2105 dijudicanda.

206 2122 300 2162 Mihi
342 2122 503 2174 quidem
545 2121 756 2161 verisimile
797 2122 967 2168 videtur,
1004 2122 1103 2162 locis
1142 2122 1396 2175 quibusdam,
1427 2121 1494 2161 ubi
1527 2120 1693 2160 locutio-

208 2202 280 2231 nes
318 2190 577 2231 formularum
619 2189 820 2242 epicarum
861 2189 988 2230 instar
1018 2197 1184 2238 exstant,
1217 2197 1323 2232 certe
1354 2189 1604 2243 adjuvantem
1636 2189 1693 2228 af-

208 2258 414 2315 ferendam
447 2270 535 2298 esse
565 2257 672 2297 illam
706 2270 890 2305 causam,
921 2257 1027 2298 velut
1055 2259 1101 2298 A
1123 2258 1175 2299 51
1209 2265 1245 2299 et
1277 2257 1321 2299 A
1350 2256 1432 2299 129
1459 2255 1580 2308 βέλος
1610 2256 1693 2307 322-

207 2323 363 2374 πευκές.
403 2327 450 2366 A
474 2325 559 2367 244
584 2323 794 2378 χωόμενος
824 2323 899 2373 ὅτι,
939 2332 1021 2365 tuni
1058 2324 1347 2379 Ἀλέξανδρος,
1379 2322 1546 2376 Ἑλένης
1577 2321 1697 2371 πόσις

206 2390 421 2447 ἠϋκόμοιο,
452 2395 557 2447 quod
589 2394 718 2434 sexies
748 2394 787 2433 in
821 2393 941 2433 iliade
973 2396 1193 2446 reperitur:
1226 2392 1365 2435 1'329
1387 2390 1537 2440 11355,
1573 2389 1694 2438 (982,

207 2459 373 2503 A369.
395 2460 493 2502 505.
524 2459 679 2507 Ν766,
711 2467 912 2513 praeterea
945 2464 1048 2514 νῆας
1077 2460 1216 2511 ἅλαδε,
1249 2461 1407 2507 similia,
1440 2459 1508 2499 sed
1542 2459 1581 2498 in
1607 2451 1697 2498 uui-

209 2541 367 2570 versum
410 2543 565 2570 summa
604 2530 789 2570 cautione
829 2530 878 2569 de
914 2530 975 2570 his
1003 2531 1197 2582 exemplis
1228 2530 1499 2582 quaerendum
1532 2534 1567 2566 et
1601 2540 1698 2567 con·

209 2597 455 2638 sumendum
494 2604 554 2638 est
598 2604 637 2638 et
675 2596 856 2638 formulis
896 2604 1047 2639 tantum
1080 2598 1158 2639 illis
1195 2598 1360 2638 sortasse
1389 2596 1577 2649 exceptis,
1609 2608 1703 2636 con-

210 2679 350 2708 sonam
393 2668 526 2720 priore
566 2667 726 2720 quidem
766 2673 946 2720 tempore
987 2668 1180 2715 validam,
1232 2666 1299 2707 sed
1343 2672 1426 2706 tum
1468 2678 1703 2718 oppressam

211 2746 291 2776 non
324 2735 564 2776 afferendam
596 2748 757 2777 causam
787 2740 898 2788 puto.
929 2758 983 2765 -

1405 2867 1433 2910 3
