1878 3190
783 220 1069 264 ..14-

177 335 354 376 adhibita
397 335 631 375 extensione
675 338 996 388 compensante).
1056 335 1290 376 Rectissime
1318 335 1439 386 igitur
1470 334 1667 376 Homerus

176 404 301 443 forma
332 398 486 456 ἔμμορε
515 402 582 452 (Α
600 400 698 451 278,
733 402 770 443 Ο
791 401 887 453 189,
915 404 1097 456 saepius)
1119 415 1218 443 usus
1242 408 1325 452 cst3
1354 401 1491 442 eadem
1513 402 1668 443 ratione

177 469 408 522 probandae
444 476 541 511 sunt
583 471 733 512 formae
762 467 931 520 ἔσσευα,
978 468 1175 522 ἔσσυμαι,
1215 465 1454 521 ἐσσεύοντο,
1496 469 1596 510 aliae
1626 469 1666 510 id

176 550 305 591 genus
336 537 407 586 (A
437 535 535 580 167.
565 536 661 578 419.
683 536 783 578 540.
814 538 862 576 Ν
885 536 955 588 79,
987 538 1183 590 saepius),
1214 549 1304 577 nam
1336 537 1374 576 in
1402 537 1515 577 initio
1547 536 1668 589 huJus

175 606 282 647 verbi
314 605 465 646 exstitit
493 605 695 658 quondam
727 607 791 646 oF
818 602 888 661 (cf.
911 606 1060 658 Beni'ey
1089 606 1114 647 1.
1136 606 1162 647 Ι.
1187 606 1215 647 Ι.
1239 618 1277 658 p.
1300 603 1417 656 397).
1476 605 1668 647 Similiter

175 672 312 728 oFefy‘m
342 673 403 713 vel
433 672 562 713 σΡείω
592 673 794 726 quondam
826 685 899 725 pro
931 673 1047 723 σείω,
1077 670 1207 726 γλεῦω
1236 685 1309 725 pro
1337 670 1464 725 λεύω,
1493 672 1666 726 γλεαίνω

175 755 245 795 pro
276 740 447 789 λεαίνω,
497 740 634 795 Γρέζω
665 754 737 793 pro
767 738 891 796 ῥέζω,
932 738 1140 795 Ερήγνυμι
1172 753 1245 794 pro
1274 738 1472 795 ρἦνυμι,
1518 741 1593 781 alia
1625 741 1663 781 id

175 822 303 862 genus
333 809 533 850 exstitisse
563 815 602 849 et
632 810 737 849 banc
768 808 818 849 ob
850 821 932 849 rem
965 809 1112 849 formas
1141 809 1251 850 velut
1278 806 1458 860 ἕσσειον,
1489 805 1664 858 ἔλλευον,

173 876 334 931 ἕῤῥεζον
373 878 623 918 excusandas
662 891 771 919 esse.
823 877 1085 918 demonstrari
1124 883 1266 930 potest.
1326 878 1368 917 ln
1401 878 1661 930 plurimarum

173 958 264 987 vero
294 958 435 987 vocum
465 945 581 988 initio
612 958 632 987 a
663 945 813 999 liquida
847 946 1122 987 inchoatarum
1156 958 1235 987 non
1259 945 1420 987 alteram
1443 958 1659 988 consonam

170 1016 295 1055 fuisse
325 1014 424 1055 satis
456 1020 626 1061 constat,
660 1014 764 1054 velut
791 1015 832 1054 in
863 1012 1079 1066 λαμβάνω,
1109 1013 1246 1061 λείπω,
1276 1013 1412 1065 λείβω,
1441 1010 1661 1065 μανθάνω,

167 1080 294 1135 μένω,
327 1081 463 1123 multis
494 1082 604 1131 aliis;
632 1082 698 1122 hic
727 1082 848 1133 igitur
877 1082 1092 1132 geminatio
1124 1094 1343 1129 consonae,
1372 1094 1490 1134 quam
1520 1094 1660 1122 omnes

169 1151 260 1190 libri
293 1149 507 1203 praebent,
538 1149 642 1189 velut
670 1150 711 1189 in
745 1146 944 1200 ἔλλαβον,
983 1146 1167 1200 ἔλλιπον,
1209 1147 1428 1201 ἔῖιιμαθον,
1466 1150 1660 1190 assimila-

168 1219 277 1259 tione
328 1230 532 1259 consonae
578 1217 724 1269 prioris
765 1217 944 1257 excusari
986 1230 1065 1258 non
1109 1223 1251 1269 potest.
1316 1219 1370 1258 Ad
1414 1218 1657 1270 peculiarem

168 1287 302 1339 potius
332 1285 576 1339 liquidarum
609 1289 791 1325 naturam
825 1284 890 1324 hic
920 1284 1205 1337 regediendum
1234 1291 1319 1335 est,
1352 1298 1442 1327 cum
1475 1299 1544 1326 eae
1575 1286 1658 1339 pri-

167 1367 256 1395 mae
286 1353 466 1395 omnium
497 1354 540 1394 in
572 1365 839 1394 consonarum
868 1353 1098 1394 durantium
1130 1366 1298 1395 numero
1330 1354 1535 1395 ducendae
1566 1355 1656 1397 sint.

167 1423 216 1463 Et
241 1423 324 1475 jam
354 1434 549 1475 quaerere
581 1422 734 1473 possis,
766 1434 860 1462 num
894 1422 932 1462 in
967 1422 1108 1462 horum
1141 1422 1352 1463 verborum
1384 1424 1522 1463 formis
1552 1423 1657 1464 velut

164 1487 361 1543 ἔλλαβον,
399 1486 586 1540 mmm,
635 1486 814 1541 ἴμμενει,
860 1490 924 1539 (Y
947 1486 1065 1538 365),
1094 1490 1240 1530 ceteris
1271 1495 1377 1530 recte
1405 1491 1557 1544 liquida
1589 1504 1655 1544 ge-

165 1559 313 1599 minata
352 1558 499 1610 scripta
537 1558 601 1598 sit.
662 1558 856 1610 Equidem
891 1565 1012 1609 puto,
1062 1571 1139 1598 non
1172 1571 1268 1599 sane
1299 1560 1346 1599 ad
1378 1560 1652 1612 etymologiam

164 1632 312 1667 rectam
344 1626 448 1667 hanc
478 1625 681 1666 scribendi
712 1624 906 1666 rationem
937 1638 1042 1673 esse,
1072 1633 1243 1666 attamen
1276 1639 1322 1666 ea
1354 1627 1402 1667 de
1421 1639 1538 1668 causa
1561 1639 1654 1680 pro·

163 1694 350 1742 bandum,
381 1694 486 1746 quod
519 1693 668 1746 liquida
699 1694 732 1733 si
764 1693 992 1734 extenditur
1019 1695 1060 1734 in
1081 1695 1429 1746 pronunciatione,
1458 1696 1518 1735 vix
1540 1696 1655 1736 aliter

164 1762 239 1803 nisi
272 1768 474 1814 tamquam
507 1761 655 1814 duplex
685 1773 862 1802 consona
894 1762 1099 1802 enunciari
1126 1763 1263 1815 possit.
1323 1763 1510 1810 Quamvis
1532 1763 1654 1816 igitur

163 1831 409 1883 grammatici
446 1830 563 1871 inscii
605 1835 644 1870 et
676 1830 789 1870 metri
823 1836 974 1871 tantum
1007 1831 1143 1871 tuendi
1176 1844 1295 1871 causa
1325 1832 1366 1872 in
1397 1832 1544 1872 talibus
1574 1833 1654 1872 for-

161 1900 237 1940 mis
278 1899 470 1951 liquidam
501 1898 741 1950 geminatam
772 1899 1012 1951 scripserint
1041 1900 1087 1939 ad
1121 1899 1343 1951 analogiam
1373 1901 1537 1941 aliarum
1570 1902 1650 1942 for-

159 1979 338 2013 marum,
386 1972 519 2006 tamen
563 1978 642 2006 non
674 1966 891 2018 rejicienda
925 1973 985 2006 est
1014 1967 1113 2007 haec
1143 1968 1364 2019 scriptura,
1413 1981 1490 2020 qua
1520 1969 1648 2009 oculis

158 2046 319 2087 quoque
372 2022 533 2075 lectoris
581 2046 701 2074 causa
741 2034 1017 2086 productionis
1055 2035 1325 2087 significatum*
1382 2036 1457 2077 Sed
1502 2038 1648 2078 iterum

157 2104 384 2155 iterumque
409 2102 803 2143 commemorandum
835 2109 947 2155 puto,
980 2102 1181 2155 duplicem
1209 2104 1403 2144 rationem
1425 2105 1646 2146 habendam

156 2183 246 2212 esse
286 2170 445 2213 illarum
488 2170 706 2211 formarum
748 2170 853 2222 apud
897 2170 1136 2218 Homerum,
1187 2184 1277 2212 cum
1318 2179 1469 2224 partem
1506 2186 1643 2215 earum

154 2251 253 2280 sane
292 2238 404 2291 prior
442 2250 643 2287 consona,
694 2244 848 2290 partem
881 2238 1048 2279 facultas
1079 2239 1316 2280 extendendi
1347 2240 1520 2294 liquidas
1549 2243 1645 2284 effe-

155 2307 274 2357 cerit;
307 2305 423 2359 cujus
453 2306 619 2348 alterius
651 2318 797 2347 causae
828 2306 1008 2360 exempla
1041 2306 1262 2348 clarissima
1292 2309 1451 2351 afferam
1487 2310 1530 2351 Φ
1558 2308 1644 2352 318

152 2372 301 2418 nelos-9?
336 2370 394 2415 ὖπ
438 2371 553 2423 ἰλύος
582 2381 621 2415 et
649 2374 687 2415 E
711 2372 798 2415 487
826 2374 941 2415 λίνου
970 2370 1128 2416 ἁλόντε.

297 2443 483 2484 Ceterum
526 2455 605 2483 non
637 2443 811 2484 alienum
843 2443 910 2483 hic
940 2443 1036 2493 erit,
1089 2444 1129 2484 in
1163 2444 1392 2485 universum
1424 2445 1565 2498 paucis
1594 2446 1643 2488 de

148 2510 209 2553 eis
249 2511 388 2552 formis
419 2511 575 2562 dicere,
614 2524 717 2565 quae
746 2511 1019 2564 discrepantes
1050 2525 1069 2553 a
1100 2513 1333 2565 posterioris
1362 2514 1522 2567 linguae
1552 2528 1648 2557 con-

150 2579 365 2620 suetudine
406 2579 608 2633 duplicem
641 2592 858 2622 consonam
889 2580 993 2632 apud
1024 2580 1243 2621 Homerum
1277 2581 1471 2634 praebent
1501 2588 1541 2624 et
1567 2584 1642 2625 hac

148 2647 197 2689 de
233 2661 353 2689 causa
394 2648 443 2690 ad
482 2649 768 2701 productiones
799 2649 866 2689 hic
895 2652 1080 2691 tractatas
1108 2656 1305 2702 spectant.
1367 2650 1515 2692 Eadem
1548 2665 1641 2693 vern

148 2716 275 2764 ratio,
309 2728 414 2768 quae
442 2717 492 2757 ad
524 2716 613 2758 illas
644 2728 783 2768 voces,
815 2728 914 2769 quas
945 2728 1067 2769 supra
1096 2717 1268 2770 protuli,
1299 2718 1404 2759 velut
1432 2717 1530 2772 ζειὰ,
1561 2712 1640 2760 αὖ-

144 2784 243 2837 λαξ,
290 2781 432 2839 ἠείδη,
480 2779 638 2837 πόληος
676 2784 924 2837 pertinebat,
970 2785 1018 2827 ad
1058 2785 1129 2827 has
1169 2798 1329 2839 quoque
1367 2786 1516 2828 formas
1546 2799 1635 2828 cum

142 2852 344 2906 duplicata
374 2863 552 2896 consona
584 2859 748 2906 spectat.
807 2853 999 2895 Nituntur
1028 2854 1134 2896 enim
1165 2854 1324 2896 usitatis
1348 2854 1524 2908 linguae,
1557 2856 1631 2896 im·
