1878 3190
770 168 1057 219 ..gg--

336 284 518 328 Attamen
548 299 629 328 non
657 285 960 331 concedendum
991 295 1079 338 est,
1109 280 1520 342 pleniorem‘torma'n
1547 287 1685 332 stuwi.

201 354 430 407 ubicunque
467 355 614 396 vocalis
644 363 735 397 ante
767 353 902 397 vocem
932 369 954 397 a
992 357 1142 410 liquida
1178 355 1404 396 inchoatam
1435 352 1683 406 producitur.

199 422 287 469 Qua
326 423 368 462 in
400 428 444 462 re
475 423 738 465 Hoffmannus
777 426 875 466 mihi
904 425 1066 478 quidem
1107 424 1265 476 longius
1295 421 1480 475 progredi
1509 421 1683 471 videtur;

198 490 361 542 saepius
390 491 497 531 enim
528 501 609 531 non
640 498 790 533 certam
821 493 1015 534 rationem
1056 497 1095 533 et
1125 489 1354 532 methodum
1385 493 1568 535 secutus,
1611 488 1683 529 sed

199 557 335 610 potius
375 556 617 598 divinatione
658 559 830 612 quadam
871 559 1055 600 idoneam
1093 558 1266 598 radicem
1297 556 1479 609 indagat,
1516 555 1682 596 allectus

198 622 320 665 simili
359 625 512 666 sonitu:
533 637 673 666 vocum
712 626 961 679 quarundam
1003 628 1044 668 in
1075 625 1313 680 propinquis
1353 624 1522 676 linguis,
1561 623 1685 664 inter-

127 721 132 727 ·
199 693 295 735 dum
334 705 428 734 vero
457 700 594 747 aperte
624 700 754 747 enat,
798 695 890 736 cum
930 695 979 735 de
1018 693 1181 735 vocibus
1210 692 1448 746 quibusdam
1480 703 1501 733 a
1532 691 1683 746 liquida

195 761 395 801 inchoatis
434 763 660 803 certissime
698 764 900 814 cognitum
931 764 1007 812 sit,
1051 773 1120 802 eas
1159 773 1237 802 non
1268 761 1428 801 alteram
1463 768 1681 800 consonam

194 829 391 871 initialem
422 829 678 883 praebuisse,
716 834 796 884 quo
836 834 990 884 spectat
1017 828 1171 884 μέγας,
1202 827 1403 884 μέγαρον,
1447 829 1535 869 alia.
1595 829 1683 870 Sta-

199 898 393 937 tuendum
425 899 558 950 potius
586 899 787 945 existimo,
818 907 896 939 non
928 899 1087 952 quidem
1111 898 1354 950 principium
1377 895 1426 936 ab
1446 896 1683 936 Hoffmanno

197 965 359 1005 allatum
387 966 553 1006 omnino
584 961 869 1013 refellendum.
901 957 972 1007 sed
1002 965 1321 1017 restringendum
1351 972 1389 1006 et
1410 960 1529 1018 pan‘lo
1552 965 1685 1005 mode-

198 1033 366 1073 randum
396 1045 498 1074 esse.
558 1034 750 1087 Equidem
781 1046 860 1075 non
893 1035 1050 1081 dubito,
1086 1033 1184 1086 quin
1214 1045 1277 1073 res
1308 1040 1472 1086 prorsus
1502 1032 1686 1074 similiter

198 1114 243 1141 se
283 1101 425 1141 habeat
463 1108 581 1154 atque
622 1103 909 1155 productiones
946 1103 1064 1155 primi
1109 1107 1149 1141 et
1187 1101 1354 1142 secundi
1396 1101 1687 1153 generisante

199 1169 397 1221 liquidasz
435 1180 527 1221 pars
562 1170 870 1222 productionum
902 1170 1095 1222 probatur
1130 1168 1323 1220 singulari
1356 1164 1686 1220 pronunciatione

199 1236 464 1289 liquidarum,
505 1249 599 1289 pars
638 1237 787 1290 duplici
829 1248 1005 1278 consona
1086 1237 1172 1277 Non
1218 1241 1350 1277 tamen
1391 1243 1586 1284 statuam,
1629 1235 1680 1276 al-

196 1311 320 1344 teram
361 1304 465 1344 hanc
504 1315 722 1345 consonam
762 1317 805 1345 re
846 1318 933 1345 vera
973 1305 1279 1357 pronunciatam
1311 1315 1398 1344 esse
1430 1304 1589 1343 Homeri
1621 1315 1686 1343 ae-

196 1378 277 1412 tate
309 1393 358 1402 --
391 1372 556 1413 offendit
585 1374 719 1422 enim,
759 1374 867 1427 quod
910 1373 1010 1414 nihil
1049 1373 1212 1413 omnino
1253 1372 1303 1412 de
1331 1383 1376 1412 ea
1405 1371 1593 1412 traditum
1625 1377 1687 1411 est

197 1446 236 1479 et
265 1440 484 1492 imprimis,
514 1442 620 1493 quod
648 1441 883 1493 plerumque
913 1441 1012 1481 tales
1039 1450 1305 1481 consonarum
1320 1440 1533 1492 juncturae
1559 1445 1684 1485 erant,

196 1519 297 1560 quas
333 1507 415 1561 jam
457 1509 689 1549 maturrime
731 1508 954 1550 debilitates
995 1519 1083 1549 esse
1124 1508 1220 1549 mihi
1251 1507 1414 1560 quidem
1444 1513 1682 1560 persuasum

198 1581 280 1623 est,
312 1598 365 1605 —-
395 1576 466 1615 sed
497 1576 604 1616 illam
635 1577 770 1628 potius
800 1577 993 1617 rationem
1031 1577 1278 1628 praeferam,
1321 1576 1368 1615 ad
1410 1587 1528 1627 quam
1567 1583 1684 1615 voces

195 1655 291 1682 cum
321 1643 460 1682 initiali
492 1643 604 1683 litera
623 1645 654 1694 j
679 1650 859 1696 spectare
889 1643 1120 1684 existimavi.
1178 1642 1398 1682 Verisimile
1429 1642 1549 1694 igitur
1579 1642 1684 1681 vide-

200 1717 284 1756 tur,
328 1708 546 1750 Homerum
584 1710 674 1750 illas
712 1723 828 1767 voces
860 1724 880 1750 e
911 1711 1044 1763 priore
1076 1711 1213 1763 poesi,
1256 1710 1323 1750 ubi
1354 1710 1474 1750 altera
1505 1721 1683 1749 consona

197 1790 271 1817 suo
293 1777 384 1830 jure
415 1777 588 1823 valebat,
630 1778 803 1830 primum
836 1779 876 1818 in
918 1779 1037 1818 certis
1074 1777 1315 1830 quibusdam
1347 1777 1503 1817 dicendi
1538 1777 1686 1817 formu-

198 1845 250 1885 lis
278 1845 502 1898 recepisse,
533 1851 618 1886 tum
651 1847 818 1886 sortasse
849 1858 916 1886 eas
947 1847 988 1886 in
1019 1846 1108 1886 aliis
1140 1857 1299 1898 quoque
1330 1845 1600 1885 locutionibus
1620 1856 1686 1884 ea-

197 1914 288 1954 de'm
326 1913 562 1966 quantitatis
608 1914 762 1954 ratione
803 1915 974 1955 subinde
1023 1913 1269 1954 adhibuisse.
1335 1913 1420 1953 Jam
1460 1925 1506 1953 ea
1545 1912 1685 1964 hujus-

196 1981 303 2021 modi
335 1981 525 2039 vocabula
554 1988 861 2022 enumeraturus
892 1994 1004 2029 sum,
1049 1993 1153 2034 quae
1191 1993 1233 2020 re
1275 1992 1364 2020 vera
1395 1982 1597 2033 quondam
1617 1980 1684 2028 ,al—

194 2056 322 2090 teram
352 2056 568 2089 consonam
602 2049 794 2090 initialem
823 2050 1074 2097 exhibuisse,
1106 2049 1200 2089 satis
1231 2055 1400 2088 constat.

329 2111 639 2170 Ῥωγαλέος,
687 2113 936 2171 ῥήγνυμι,
977 2113 1195 2170 ῥηκτὸς,
1237 2115 1382 2156 similia
1421 2118 1456 2153 F
1483 2115 1683 2167 quondam

198 2184 239 2222 in
262 2184 383 2223 initio
411 2185 706 2236 praebuerunt;
737 2184 945 2224 referenda
979 2185 1084 2224 enim
1128 2191 1224 2223 sunt
1262 2184 1310 2223 ad
1352 2184 1523 2222 radicem
1555 2186 1683 2235 Fpay,

162 2302 164 2304 V
196 2251 304 2304 quod
343 2251 573 2293 Latinorum
604 2252 766 2304 frango,
806 2254 1008 2303 fragmen,
1047 2251 1217 2302 fragilis,
1261 2250 1361 2300 alia,
1403 2256 1487 2290 tum
1519 2249 1684 2290 Aeolum

198 2319 348 2372 Ρρῆξις
377 2320 550 2368 (Ahrens
581 2316 632 2358 de
662 2319 752 2359 dial.
783 2320 888 2360 Aeol.
919 2316 1012 2370 33),
1044 2317 1250 2372 Βρῆσσα,
1278 2314 1435 2372 βράκας
1466 2317 1589 2357 mul-ta
1612 2317 1687 2357 alia

196 2388 294 2428 satis
336 2384 612 2428 demonstrant
643 2387 705 2436 (cf.
735 2384 936 2442 διαρῥωξ,
977 2383 1168 2442 ἕῤῥωγα).
1237 2385 1544 2432 Productiones,
1585 2399 1687 2438 quae

197 2455 275 2494 huc
306 2456 512 2506 spectant,
544 2461 661 2494 sunt:
696 2455 763 2509 ,Μ
794 2452 876 2494 198
914 2449 1046 2504 τεῖχός
1085 2467 1128 2492 τε
1167 2450 1317 2507 ῥήξειν,
1359 2454 1403 2491 Ν
1428 2450 1511 2492 323
1546 2454 1688 2506 χαλκῷ

196 2536 238 2562 τε
270 2519 421 2575 ῥηκτὸς
454 2522 498 2562 Ψ
524 2520 607 2563 673
633 2537 675 2562 τε
705 2518 818 2576 ῥήξω
849 2521 905 2562 M
931 2518 1016 2561 308
1046 2517 1114 2560 διά
1144 2535 1188 2560 τε
1216 2518 1429 2573 ῥήξασθαι
1459 2518 1589 2560 Σ571
1624 2519 1688 2559 τοὶ

196 2587 240 2627 δὲ
270 2585 496 2641 ῥήσσοντες
523 2588 575 2627 Λ
603 2586 686 2628 437
728 2589 766 2627 Β
794 2586 878 2627 773
906 2587 969 2627 ἐπὶ
988 2587 1079 2636 (vel
1113 2587 1244 2641 παρὰ)
1273 2584 1437 2641 ῥηγμῖνι
1465 2584 1689 2637 θαλάσσης

194 2655 243 2695 Π
258 2653 313 2700 67
345 2654 383 2695 οἱ
412 2654 464 2695 δὲ»
488 2653 652 2710 ῥηγμῖνι
668 2652 893 2708 θαλάσσης
927 2655 965 2694 Υ
982 2652 1065 2695 229
1096 2651 1222 2708 ἄκρον
1251 2652 1313 2694 ἐπὶ
1344 2650 1540 2707 ῥηγμῖνος
1564 2653 1589 2693 I
1605 2651 1686 2694 661

200 2719 305 2764 κώεά
337 2738 380 2763 τε
410 2720 535 2778 ῥῆγός
565 2737 617 2763 τε.
