1878 3190
787 163 845 176 ..
901 138 958 187 ω
1013 163 1071 179 .-

321 251 527 310 Ἕητὸς,
566 253 733 311 ῥητὴρ
768 255 915 306 similia
955 255 1021 309 (Φ
1047 253 1132 301 445
1168 250 1325 308 1⁴43)
1362 254 1561 308 digamma
1598 254 1671 297 ha-

193 325 328 366 buisse
367 337 446 365 non
488 323 673 365 uberiore
708 323 972 377 explicatione
1018 327 1129 378 eget,
1172 334 1263 364 cum
1312 335 1358 363 ea
1406 323 1454 363 ad
1495 323 1668 364 radicem

194 395 301 446 Fep-
331 393 528 446 pertinere
560 404 677 432 nemo
709 396 827 444 neget
854 391 925 442 (cf.
948 390 1135 439 verbum,
1169 390 1389 432 Gothorum
1407 391 1554 445 νοητὸς
1585 398 1670 432 tum

193 460 339 501 formas
368 457 531 514 εἶ’ρημαι
559 472 633 513 pro
661 456 901 514 Ρέῑρημαι,
938 456 1081 514 εἴρηκα
1109 471 1182 512 pro
1220 455 1268 499 3¹-
1296 461 1454 512 Ερηιια,
1485 455 1672 514 Ξρῥῆθην

192 540 267 580 pro
293 523 521 582 trahem).

330 603 581 660 Νιφὸεις,
622 604 801 660 νιφὰς,
840 603 968 655 νέζω,
1007 604 1059 645 ad
1101 604 1272 645 radicem
1302 604 1447 656 snigh-
1474 605 1672 658 pertinere

193 674 401 723 videntur,
434 674 538 727 quod
570 686 685 718 voces
706 672 869 727 quidem
890 671 1449 726 propinquarum'iinguarum
1481 674 1554 725 (cf,
1576 674 1672 715 Cur-

191 744 296 784 tium*
322 743 348 784 Ι.
379 743 407 782 l.
437 742 501 782 Nr.
539 740 643 791 440)
684 742 924 794 significant.
996 740 1284 782 Productiones
1323 747 1416 782 ante
1445 754 1491 782 ea
1520 749 1676 784 exstant

191 809 251 852 M
274 808 361 853 278
389 806 496 852 ὥστε
525 805 694 865 νιφάδες
722 807 770 849 Ν
790 807 875 852 754
910 805 1001 864 ὅρεΐ
1025 803 1205 863 νιφόεντι
1246 808 1289 849 Γ
1307 807 1394 850 222
1421 806 1518 851 ἔπεα
1554 806 1675 866 νιφά-

192 878 330 920 δεσσιν
359 873 404 922 Ξ
428 876 513 918 227
542 873 641 931 ὄρεα
668 873 863 931 νιφόεντα
889 876 928 916 Υ
945 874 1029 917 385
1058 871 1139 919 ὑπὸ,
1167 873 1347 931 νιφόεντι
1376 876 1525 919 11425
1550 875 1674 920 ὕδατι

189 944 376 996 νίζοντες.

332 1022 504 1078 Νευρὴ
534 1024 583 1064 ad
609 1022 781 1064 radicem
812 1034 910 1064 snar
935 1024 1130 1078 pertinet,
1169 1024 1274 1077 quod
1305 1030 1480 1065 veterum
1511 1026 1672 1068 Germa-

195 1105 337 1133 norum
379 1104 494 1133 voces
535 1103 721 1140 suar-a,
761 1095 911 1140 snuor;
947 1092 1047 1133 aliae
1076 1093 1324 1133 confirmant.
1383 1092 1671 1145 Productiones

194 1167 284 1202 ante
299 1160 410 1213 ‚hanc
427 1171 561 1200 vocem
582 1164 738 1200 exstant
763 1158 809 1199 Δ
829 1157 912 1201 108
938 1157 1003 1199 ἐπὶ
1021 1161 1144 1212 νευρῇ*
1172 1160 1287 1209 (item
1323 1157 1364 1199 Θ
1380 1157 1482 1210 324)
1511 1159 1672 1203 Amo.

193 1227 278 1270 664
305 1227 358 1284 ,ἰῷ
389 1225 474 1268 ἀπὸ
502 1229 664 1282 νευρῆς.
725 1228 909 1268 Fortasse
940 1228 987 1269 ad
1007 1228 1177 1268 similem
1204 1228 1376 1269 radicem
1396 1234 1551 1281 spectat
1577 1225 1674 1278 νυός

192 1293 254 1347 (Ω
283 1294 365 1337 166
393 1292 581 1346 mmai),
611 1296 677 1336 cui
708 1297 923 1348 respondet
951 1295 1238 1337 Germanorum
1270 1309 1393 1346 snur,
1424 1294 1597 1351 &dnum

333 1378 517 1428 μοῖρα,
548 1373 621 1424 (Π
643 1372 767 1425 367),
794 1373 1016 1429 ,μείρομαμ
1053 1372 1202 1429 μέρος,
1239 1375 1383 1416 similia
1421 1376 1470 1416 ad
1501 1376 1673 1420 radicem

193 1455 348 1490 smar-‚
380 1442 579 1494 pertinent
606 1442 673 1492 (cf.
705 1443 886 1486 Curtium
917 1442 943 1483 1.
972 1443 997 1485 1.
1025 1443 1092 1482 Nr.
1120 1440 1249 1492 467),
1281 1443 1321 1483 id
1342 1445 1446 1496 quod
1464 1445 1568 1488 velut
1594 1446 1675 1486 sor-

196 1524 282 1553 mae
329 1507 491 1565 ἕμμορα
539 1522 611 1562 pro
654 1507 832 1567 ἕσμορα,
886 1507 1076 1563 εἵμαρται
1122 1522 1196 1563 pro
1245 1507 1558 1567 σέ-σμαρ-ται
1605 1512 1674 1554 de-

194 1584 427 1620 monstrant.

337 1657 379 1696 ln
409 1656 498 1697 aliis
529 1655 717 1707 vocibus,
749 1655 856 1696 velut
889 1654 1010 1712 ῥιπὴ,
1041 1653 1216 1711 ῥάβδος,
1252 1654 1377 1710 λιγύς,
1404 1655 1569 1712 λιγυρὸς
1597 1658 1676 1698 for-

197 1732 302 1765 tasse
333 1724 625 1776 antiquissimis
655 1724 920 1775 temporibus,
963 1737 1215 1776 nequaquam
1255 1737 1345 1763 vero
1377 1725 1536 1765 Homeri
1578 1732 1674 1764 tem-

195 1806 291 1845 pore
322 1792 441 1833 altera
480 1803 656 1831 consona
697 1790 860 1831 initialis
905 1791 1078 1841 valebat3
1119 1804 1211 1832 nam
1251 1803 1340 1831 cum
1382 1799 1538 1843 praeter
1585 1805 1676 1844 per-

196 1872 342 1913 paucas
383 1860 666 1912 productiones
707 1865 799 1899 ante
842 1860 912 1900 has
957 1872 1071 1900 voces
1125 1859 1277 1909 nullum
1319 1859 1426 1899 illius
1475 1872 1677 1900 consonae

195 1929 397 1980 vestigium
430 1933 578 1978 exstat,
609 1934 691 1967 tum
723 1927 943 1979 permultae
974 1928 1226 1980 propinquae
1265 1940 1380 1968 voces
1411 1928 1563 1968 nulium
1594 1941 1678 1968 om-

197 1996 291 2036 nino
323 1995 409 2048 ejus
438 1994 630 2036 indicium
659 1987 862 2046 praebent-

328 2074 509 2126 Deuique
547 2074 591 2121 in
628 2073 717 2119 aliis
752 2067 932 2123 vocibus,
964 2085 1065 2125 quas
1097 2073 1365 2123 Hoffmannus
1395 2075 1526 2124 affert,
1559 2073 1679 2123 veluti

194 2139 343 2195 μέγας,
384 2139 587 2196 μέγαρον,
629 2139 849 2194 λίσσομαι,
890 2136 1111 2190 λιτανεῦω,
1153 2138 1279 2196 ῥῖνες,
1319 2136 1509 2196 λαπάρη,
1547 2139 1682 2188 λίθος,

194 2205 402 2261 μαλακὸς,
430 2204 587 2257 νύσσα,
612 2204 784 2261 μιαρός,
821 2206 998 2261 μυρίκη,
1031 2220 1110 2249 non
1150 2208 1311 2249 alteram
1352 2220 1566 2250 consonam
1603 2209 1681 2248 ini-

197 2277 339 2321 tialem
372 2277 495 2317 fuisse
536 2282 605 2316 aut
643 2276 740 2316 satis
779 2281 934 2316 constat
975 2283 1043 2317 aut
1082 2277 1188 2317 nulla
1229 2278 1393 2318 omnino
1423 2282 1529 2317 certa
1560 2288 1679 2317 causa

197 2343 356 2395 probari
396 2344 540 2396 potest.
608 2343 708 2397 Ante
761 2342 833 2397 has
882 2342 1004 2396 igitur
1044 2356 1160 2385 voces
1199 2345 1500 2398 productionem
1539 2351 1679 2385 natura

197 2418 351 2452 tantum
390 2412 632 2464 liquidarum
672 2423 862 2452 excusare
903 2412 1017 2461 licet;
1050 2413 1165 2465 cujus
1195 2414 1354 2464 generis
1383 2419 1499 2456 sunt.
1530 2412 1570 2458 E
1595 2411 1680 2454 547

197 2476 387 2530 Διοκλῆα
404 2474 649 2533 μεγάθυμον
679 2478 736 2518 Μ
753 2475 836 2520 379
857 2478 1069 2533 Ετεοκλῆα
1085 2475 1330 2534 μεγάθυμον
1359 2479 1387 2518 I
1401 2476 1500 2528 303,
1529 2478 1566 2518 Ο
1581 2477 1680 2526 311,

197 2546 246 2586 X
269 2545 365 2595 407
396 2544 479 2587 435
519 2545 562 2584 K
591 2544 688 2594 172,
721 2545 758 2585 Ο
786 2544 870 2586 695
908 2543 1023 2600 μάλα
1050 2546 1155 2600 μέγα
1185 2548 1261 2595 (vel
1289 2543 1490 2600 μεγάλη);
1533 2547 1571 2587 Ρ
1595 2546 1679 2588 723

194 2608 309 2664 μάλα
336 2610 524 2667 μεγάλως
560 2612 587 2651 Ι
609 2609 693 2660 463
730 2611 838 2653 κατὰ
864 2611 1025 2668 μέγαρα
1060 2614 1100 2654 Σ
1126 2613 1228 2662 159,
1276 2615 1318 2654 Φ
1346 2612 1430 2655 310
1458 2612 1565 2654 κατὰ
1592 2612 1678 2666 μό-

193 2681 275 2729 θον
304 2680 356 2730 Χ
378 2677 462 2735 309
501 2678 570 2722 διὰ
595 2677 750 2736 νεφέων
788 2679 832 2721 Δ
852 2678 936 2732 379
963 2678 1079 2735 μάλα
1105 2682 1298 2733 λίσσοντο
1337 2683 1378 2736 Z
1404 2680 1472 2730 64,
1503 2677 1547 2736 E
1572 2680 1673 2733 447.
