1878 3190
791 189 1073 233 ...37-

191 298 312 353 μενέῖ
334 300 455 357 φίλον
490 301 535 343 Ψ
558 301 643 344 m
659 300 768 345 ’Άῖδι
792 299 1006 356 κεύθωμαι
1040 303 1079 343 Υ
1096 300 1182 344 434
1209 298 1272 343 ὅτι
1302 299 1374 348 σὺ,
1403 301 1446 342 Σ
1459 298 1544 344 385
1577 298 1675 342 Θέτι
1721 321 1725 323 ·

193 364 432 414 τανύπεπλε.
489 370 726 426 Plerumque
755 384 847 413 vero
874 372 1108 424 producitur
1135 388 1149 412 ι
1176 378 1267 412 ante
1307 382 1440 411 vocem
1472 382 1494 411 a
1522 369 1673 423 liquida

194 437 441 483 inchoatam,
468 438 519 479 ita
552 446 595 480 ut
623 441 746 480 altera
778 451 897 480 causa
928 451 1054 492 eaque
1082 439 1229 492 major,
1260 443 1400 479 natura
1430 437 1550 490 hujus
1578 449 1674 478 con-

127 500 134 507 ’
194 516 316 544 sonae
346 505 519 547 accedat.
579 507 692 555 Quod
726 514 802 547 tam
833 519 953 560 saepe
982 507 1047 555 fit,
1078 512 1123 547 ut
1148 505 1281 547 omnia
1313 505 1398 546 loca
1428 505 1569 546 afferre
1588 505 1674 544 effi-

193 583 284 612 cere
312 572 374 613 vix
403 574 555 625 possis;
587 575 707 628 hujus
734 576 893 628 generis
924 580 1021 615 sunt
1047 573 1100 615 A
1117 571 1203 615 846
1231 574 1273 612 Ζ
1294 571 1375 614 140
1402 570 1523 613 ὕδατι
1543 572 1673 627 λιαρῷ

192 638 245 680 Λ
269 637 354 681 532
390 640 557 694 μάστιγι
595 644 738 697 λιγυρῇ
781 637 826 687 Ξ
850 640 934 684 290
971 638 1111 697 ὄρνιθι
1152 642 1295 696 λιγυρῇ
1345 639 1391 681 Ψ
1417 638 1499 681 196
1539 637 1672 688 δέπαϊ,

194 704 399 749 λιτάνευεν
427 708 474 749 Α
492 706 576 751 283
599 702 785 762 Ἀχιλλῆϊ
807 706 988 762 μεθέμεν
1029 708 1066 750 Ο
1089 707 1170 750 104
1192 707 1298 761 Ζηνὶ
1318 721 1414 760 μενε
1432 704 1605 758 αινέμεν,
1634 712 1675 747 et

196 781 355 828 praeter
392 775 563 818 dativum
607 777 804 830 imprimis
844 777 1163 830 praepositiones
1205 774 1287 825 ἑνὶ,
1317 773 1409 825 ἐπὶ,
1436 773 1549 828 περὶ,
1579 773 1674 816 ποτὶ

195 842 382 895 syllabam
425 843 602 885 ultimam
650 845 883 897 productam
929 845 1182 899 frequentant
1221 843 1334 884 litera
1374 842 1523 897 liquida
1562 854 1675 883 acce-

196 911 339 961 dente,
372 912 491 953 veluti
519 913 566 954 A
592 910 676 954 233
698 912 726 952 I
752 911 846 955 132.
877 912 974 954 274.
1013 913 1064 952 Χ
1081 911 1165 953 225
1195 910 1258 952 ἐπὶ
1287 909 1415 965 μέγαν
1449 908 1674 953 93243211

195 980 317 1033 νευρῇ
362 979 404 1019 Φ
425 978 477 1019 10
513 979 602 1033 περὶ
638 976 777 1033 μεγάλ’
820 978 963 1021 2286
997 979 1090 1021 ποτὶ
1124 976 1265 1034 μέγαρ’
1304 1002 1359 1008 -
1417 979 1466 1019 Et
1509 979 1674 1018 omnino

196 1046 349 1087 infinita
380 1048 461 1087 fere
491 1048 799 1099 productionum
836 1048 957 1100 hujus
1000 1048 1156 1099 generis
1187 1059 1278 1100 pars
1308 1053 1399 1087 ante
1429 1058 1546 1087 voces
1576 1058 1599 1086 a
1628 1046 1675 1085 li-

195 1114 327 1167 quidis
363 1115 570 1156 inchoatas
608 1121 757 1163 exstat,
794 1128 886 1156 cum
924 1115 986 1155 vix
1026 1128 1180 1156 versum
1217 1114 1441 1163 inveneris,
1481 1114 1550 1166 qui
1593 1125 1674 1154 uon

197 1182 423 1235 hujusmodi
462 1183 762 1235 productionem
804 1183 1001 1236 praebeat.
1061 1184 1192 1232 Quare
1237 1195 1317 1223 nou
1357 1182 1533 1223 alienum
1572 1181 1677 1223 vide-

197 1257 286 1299 tur,
323 1256 481 1304 praeter
517 1251 762 1305 singularem
803 1251 1043 1305 liquidarum
1084 1257 1267 1293 naturam
1294 1250 1342 1292 ad
1373 1249 1676 1304 producendum

198 1324 356 1371 aptam,
397 1319 512 1359 aliam
553 1332 713 1361 causam
763 1321 957 1373 suspicari
1009 1326 1126 1373 atque
1166 1320 1367 1372 indagare.
1434 1318 1549 1367 Quod
1591 1319 1677 1359 sine

196 1386 319 1428 dubio
357 1387 642 1430 Hoffmannum
685 1400 843 1442 quoque
883 1389 1118 1438 commovit,
1158 1394 1200 1429 ut
1237 1387 1400 1428 omnino
1435 1386 1676 1440 liquidarum

199 1461 340 1495 natura
379 1456 556 1495 excusari
600 1456 880 1507 productiones
920 1463 1038 1508 neget
1076 1462 1116 1496 et
1145 1468 1310 1508 prorsus
1341 1456 1447 1495 aliud
1477 1455 1678 1506 explican-

197 1523 237 1563 di
276 1522 518 1576 principium
550 1531 753 1576 sequatur.
812 1524 1018 1566 Existimat
1043 1524 1171 1571 enim,
1209 1536 1348 1565 omnes
1377 1536 1400 1564 a
1428 1523 1577 1576 liquida
1617 1524 1679 1563 in·

198 1590 359 1630 choatas
388 1603 528 1638 voces,
558 1603 660 1643 quae
687 1592 990 1643 productionem
1021 1592 1216 1643 efficiant,
1249 1592 1361 1643 prius
1390 1591 1553 1631 alteram
1584 1603 1679 1630 con-

196 1671 336 1700 sonam
372 1658 563 1699 initialem
606 1659 877 1711 praestitisse,
928 1672 1031 1713 quae
1070 1660 1230 1700 Homeri
1278 1667 1457 1712 tempore
1499 1658 1677 1707 valuerit,

196 1733 236 1766 et
266 1726 348 1778 jam
390 1728 566 1779 quaerit,
615 1739 733 1779 quam
771 1740 991 1768 consonam
1031 1727 1210 1780 singulae
1248 1740 1365 1768 voces
1408 1726 1677 1780 praebuerint·

196 1795 335 1846 Neque
375 1795 508 1846 negari
538 1801 692 1846 potest,
731 1796 974 1847 gravissimis
1015 1796 1148 1836 causis
1190 1796 1266 1836 hoc
1296 1801 1551 1848 praeceptum
1583 1807 1679 1835 con-

194 1861 344 1903 firmari
376 1861 513 1902 videri.
572 1862 746 1903 Primum
787 1863 892 1904 enim
925 1876 983 1911 ex,
1002 1863 1300 1917 comparatione
1330 1863 1495 1905 aliarum
1525 1862 1680 1915 lingua-

198 1943 285 1970 rum
327 1931 592 1970 demonstrari
631 1937 782 1983 potest,
823 1938 914 1972 ante
953 1933 1126 1984 liquidas
1165 1932 1417 1984 potissimum
1457 1932 1498 1971 in
1531 1932 1679 1971 Graeca

198 1999 334 2052 lingua
363 1998 596 2052 saepissime
626 2012 844 2041 consonam
875 2000 1047 2054 aliquam
1080 2001 1259 2042 extritam
1290 2013 1395 2042 esse.
1455 2000 1555 2040 Tum
1586 2012 1680 2040 ana·

197 2068 307 2119 logas
337 2079 401 2106 res
433 2079 481 2106 ex
510 2066 596 2118 ipso
628 2067 786 2108 Homeri
817 2081 1002 2109 sermone
1031 2069 1171 2108 afferre
1201 2068 1315 2120 licet,
1359 2068 1463 2108 velut
1492 2067 1679 2119 digammi

200 2147 318 2176 usum
358 2142 397 2175 et
436 2147 551 2175 voces
590 2135 804 2187 quasdam,
852 2149 954 2189 qnae
996 2136 1134 2176 eadem
1173 2137 1326 2177 ratione
1363 2143 1445 2176 tum
1485 2135 1681 2176 firmiores

197 2204 343 2254 formas
374 2215 464 2243 cum
495 2215 669 2243 consona
702 2203 867 2252 initiali,
904 2210 988 2245 tum
1020 2203 1242 2245 debilitates
1273 2205 1361 2244 sine
1380 2216 1436 2245 ea
1468 2202 1680 2256 praebeam

197 2273 311 2325 cujus
341 2271 500 2324 generis
532 2277 627 2311 sunt
662 2269 868 2324 λαιψηρὸς
896 2278 936 2312 et
965 2268 1165 2325 αἶ’ψηρός,
1211 2270 1333 2323 λείβω
1370 2278 1409 2312 et
1438 2269 1555 2322 εἲβω,
1585 2274 1682 2323 γαΐα

197 2347 235 2380 et
261 2335 355 2387 αἶα,
392 2338 469 2392 μία
493 2344 532 2379 et
559 2335 627 2388 ἴα,
660 2338 831 2394 χλιαρὸς
861 2346 900 2380 et
928 2338 1092 2395 λιαρὸς,
1129 2336 1303 2394 σμικρὸς
1330 2346 1368 2380 et
1393 2337 1537 2393 μικρὸς
1554 2367 1567 2387 ,
1606 2340 1683 2386 σῦς

198 2416 238 2450 et
266 2399 334 2457 εἷς,
365 2407 587 2459 σκίδναμαι
616 2414 656 2448 et
685 2406 898 2460 κίδναμαι,
938 2408 1036 2462 σφίν
1068 2415 1107 2450 et
1135 2407 1227 2462 φίν,
1272 2404 1428 2448 διώκειν
1457 2414 1495 2448 et
1525 2403 1681 2456 ἲώκειν;

199 2477 380 2518 similiter
419 2489 462 2516 se
506 2477 653 2518 habent
681 2473 823 2525 πτόλις
861 2483 900 2518 et
928 2473 1132 2529 πτόλεμος
1164 2483 1321 2530 praeter
1349 2472 1465 2524 πόλις
1495 2481 1530 2516 et
1564 2471 1684 2515 πόλε-

197 2560 300 2598 μος,
332 2541 454 2597 πρότι
480 2552 638 2598 praeter
665 2544 783 2592 ποτὶ,
809 2541 1080 2600 χρησμοσύνη
1112 2552 1267 2598 praeter
1291 2539 1548 2597 χρημοσῦνη.
1609 2543 1684 2583 De-

200 2614 321 2666 nique
351 2614 482 2654 afferri
514 2615 663 2667 possit,
692 2615 807 2666 epico
837 2620 977 2666 poetae
1008 2613 1192 2661 licuisse,
1225 2611 1474 2665 plenioribus
1504 2611 1583 2652 illis
1605 2612 1684 2652 sor-

198 2682 395 2729 misuti,
436 2682 615 2734 quamvis
654 2682 781 2734 ipsius
822 2689 999 2735 tempore
1039 2695 1118 2722 non
1151 2682 1425 2734 frequentatae
1454 2680 1560 2730 sint,
1593 2680 1685 2734 jure

119 2763 124 2766 ·
196 2757 339 2805 poetae
368 2751 531 2804 saepius
557 2749 638 2805 jam
670 2756 990 2792 commemorato.
