1878 3190
789 178 1077 267 “342-

320 327 517 379 Traetatis
540 324 618 376 'his
657 331 866 383 amplis,
898 343 1000 383 quae
1032 330 1297 376 Hoffmannus
1327 342 1518 385 caesurae
1546 331 1672 378 aehi—

183 397 423 451 novenas-iae
462 398 496 443 vj
527 409 719 442 excusare
749 398 896 448 studet,
926 398 1030 441 duae
1060 403 1214 446 tantum
1245 398 1364 453 hujtis
1393 399 1553 453 generis
1581 411 1674 453 pro·

184 467 398 518 ductiones
438 473 613 514 restant:
657 465 700 506 Φ
726 464 782 511 23
822 463 985 518 λιμένος
1024 462 1203 520 εὐόρμου
1243 473 1284 509 et
1321 467 1360 509 Σ
1384 466 1470 510 288
1497 466 1674 522 μέροπες

182 530 423 589 amomum,
463 546 564 587 quas
603 546 770 583 caesura
809 534 1123 587 seminovenaria
1166 546 1359 584 excusare
1389 548 1440 578 ne
1470 534 1674 581 Hoffman-

183 614 261 649 nus
302 602 465 655 quidem
506 602 646 650 audet,
686 602 795 655 quod
834 614 939 649 caes.
978 603 1306 655 semiseptenaria
1337 604 1549 652 antecedit,
1581 609 1673 656 post

182 683 300 723 quam
333 669 399 713 illa
433 682 597 720 caesura
625 671 790 723 mnino
818 670 969 714 nullius
1000 672 1190 716 momenti
1210 679 1284 714 est.
1342 673 1453 722 Quae
1473 672 1559 713 loca
1580 683 1673 724 pro-

180 739 285 787 fecto
323 738 619 791 inexplicabilia
645 738 854 789 videntur,
896 739 972 781 nisi
1003 739 1095 782 licet
1124 750 1169 782 ca
1202 740 1443 792 proprietate
1471 750 1675 781 consonae

180 807 335 853 finalis,
387 806 578 850 acerrime
625 808 915 858 pronunciatus
961 807 1099 850 literae
1139 822 1166 848 σ
1216 820 1419 851 excusare.
1496 807 1669 848 Graecos

181 875 288 922 enim
332 873 445 926 prius
484 873 633 925 duplici
673 888 700 915 σ
740 886 835 914 usos
875 886 990 923 esse,
1025 881 1066 914 et
1094 875 1248 916 acriore
1279 882 1317 917 et
1346 875 1541 921 molliore.
1572 875 1671 916 satis

179 948 360 992 constat;
399 942 532 985 acrius
573 955 601 983 σ
634 953 730 982 sane
769 942 958 994 paulatim
1000 954 1167 995 prorsus
1197 944 1379 992 evanuit,
1411 942 1480 985 sed
1510 942 1673 985 Homeri

179 1017 308 1052 aetate
337 1010 512 1059 valebat,
556 1022 649 1057 cum
679 1010 840 1057 demum
872 1010 1176 1063 quadringentis
1207 1012 1290 1052 sere
1319 1012 1436 1054 annis
1466 1017 1558 1064 post
1585 1023 1672 1063 car·

178 1079 331 1120 minum
365 1078 667 1122 Homericor-um
708 1078 1037 1132 compositionem
1069 1078 1168 1120 Laso
1207 1085 1371 1135 auctore
1412 1078 1609 1132 imprimis
1648 1089 1670 1119 a

179 1148 311 1202 poetis
351 1147 537 1198 enititum
579 1146 642 1193 vel
671 1146 807 1198 potius
837 1146 1005 1193 lenitum
1035 1146 1101 1186 sit.
1161 1146 1345 1188 Fortasse
1374 1147 1495 1199 igitur
1522 1146 1572 1187 ad
1601 1145 1669 1187 iila

179 1215 267 1257 loca
297 1215 373 1256 hoc
404 1215 538 1257 acrius
578 1228 604 1255 σ
634 1213 754 1255 affere
785 1213 890 1265 licet.
951 1213 1124 1254 Omnino
1154 1225 1246 1254 vero
1276 1214 1338 1253 vix
1368 1220 1570 1256 momento
1599 1213 1673 1255 ali-

179 1294 260 1336 quo
300 1288 430 1330 esset,
466 1283 500 1323 si
539 1281 639 1327 haec
677 1282 757 1321 duo
797 1281 974 1333 exempla
1015 1280 1202 1332 explicari
1242 1294 1322 1324 non
1363 1288 1548 1334 possent,
1579 1293 1670 1324 nam

178 1350 276 1395 satis
304 1355 482 1402 apparet.
514 1348 732 1392 Homerum
763 1360 843 1389 non
875 1347 1031 1395 licentia
1061 1349 1217 1400 poetica
1246 1349 1290 1389 in
1321 1349 1384 1390 his
1413 1349 1532 1390 rebus
1553 1359 1670 1390 usum

179 1429 284 1468 esse,
316 1417 388 1461 sed
419 1416 605 1460 consulto
636 1428 795 1458 omnem
827 1415 1026 1469 ejusmodi
1056 1415 1320 1458 offensionem
1350 1417 1511 1459 vitasse.

252 1587 291 1627 Ι.
340 1585 392 1627 De
431 1585 675 1638 productione
704 1585 926 1638 syllabaru-
953 1584 994 1625 ίι
1019 1584 1181 1625 vocale-
1207 1583 1488 1635 ter-lnam-
1513 1589 1599 1626 onte

820 1665 1030 1694 anso-an.

313 1755 489 1795 Primum
536 1755 600 1795 hic
641 1755 836 1807 permulta
867 1756 954 1802 loca
985 1760 1218 1801 occurrunt,
1251 1753 1318 1794 ubi
1348 1754 1568 1796 clarissime
1599 1768 1668 1807 ap-

176 1828 311 1874 paret,
353 1828 509 1874 poetam
551 1823 736 1863 consulto
780 1823 1042 1866 offensionem
1082 1821 1221 1862 tollere
1252 1822 1478 1871 studuisse3
1510 1828 1550 1862 et
1579 1834 1671 1873 pro-

177 1891 279 1930 lecto
317 1889 663 1942 simplicissimum
703 1891 738 1931 ei
782 1892 847 1932 hic
887 1889 1168 1943 suppeditabat
1199 1889 1403 1939 auxilium,
1432 1890 1521 1931 dico
1548 1906 1570 1930 ν
1601 1903 1670 1942 pa-

175 1958 403 2010 ragogicum
451 1957 511 1997 vel
552 1973 573 1996 ν
616 1956 930 2012 ἓφελκυστικὸν,
981 1958 1087 2010 quod
1130 1963 1277 1997 vocant.
1344 1958 1519 1998 Homero
1560 1958 1666 1997 enim

174 2026 250 2066 hoc
274 2042 302 2065 .ν
343 2026 460 2066 etiam
492 2032 582 2066 ante
613 2038 811 2067 consonas
843 2026 897 2066 uli
930 2026 1052 2069 licuit,
1083 2038 1174 2065 cum
1207 2038 1226 2065 a
1261 2025 1548 2077 posterioribus
1577 2032 1668 2066 ante

174 2106 291 2133 voces
324 2099 476 2133 tantum
509 2106 528 2133 a
562 2093 685 2133 vocali
719 2094 925 2134 inchoatas
952 2093 1136 2133 adhiberi
1170 2100 1316 2144 posset.
1378 2093 1561 2133 Ceterum
1585 2093 1669 2145 ple-

174 2173 343 2213 rumque
385 2160 481 2201 salsa
521 2162 657 2214 opinio
700 2162 749 2202 (le
791 2160 911 2213 hujus
956 2172 1158 2202 consonae
1202 2166 1342 2201 natura
1374 2166 1514 2209 exstat,
1544 2173 1667 2213 quare

174 2241 253 2269 non
285 2228 461 2268 alienum
494 2235 602 2280 puto,
635 2229 668 2268 si
698 2230 836 2280 paucis
866 2229 932 2268 hic
961 2229 1009 2268 de
1035 2242 1079 2269 ea
1099 2229 1307 2274 disseram.
1366 2229 1540 2269 Omnino
1561 2229 1667 2268 enim

174 2297 307 2337 mirari
342 2297 486 2349 possis,
519 2297 625 2349 quod
658 2296 734 2337 hoc
760 2313 783 2337 ν
815 2297 862 2337 ad
895 2303 1023 2337 certas
1054 2302 1207 2337 tantum
1239 2309 1353 2337 voces
1384 2301 1423 2336 et
1450 2296 1597 2338 formas
1626 2297 1665 2338 in

172 2381 184 2403 ι
216 2371 255 2403 et
283 2379 301 2403 ε
340 2364 571 2405 desinentes
609 2364 812 2416 adjicitur,
855 2376 945 2404 cum
979 2364 1200 2415 permultae
1232 2364 1333 2404 aliae
1362 2376 1479 2403 voces
1509 2364 1551 2404 in
1583 2376 1668 2405 eas·

172 2431 262 2471 dem
294 2431 450 2472 vocales
480 2431 668 2473 cadentes
699 2444 904 2484 nunquam
936 2444 983 2471 eo
1013 2438 1190 2480 utantur,
1219 2432 1400 2484 quamvis
1430 2432 1593 2483 saepius
1625 2432 1665 2471 in

173 2500 284 2539 hiatu
322 2500 588 2540 inveniantur.
658 2500 926 2547 Quamobrem
966 2500 1138 2552 vulgaris
1179 2500 1339 2552 opinio,
1378 2511 1455 2551 qua
1489 2511 1665 2540 consona

173 2568 237 2608 illa
270 2569 317 2608 ad
349 2569 499 2609 hiatum
530 2568 732 2609 vitandum
765 2576 803 2610 et
834 2576 916 2610 tum
950 2581 970 2609 a
1004 2570 1132 2621 poetis
1164 2568 1278 2608 metri
1311 2580 1430 2609 causa
1463 2568 1576 2608 affixa
1601 2568 1665 2614 sit,

174 2637 345 2677 maxime
376 2636 587 2677 subditicia
617 2636 781 2677 videtur.
854 2637 900 2677 Et
927 2649 969 2677 re
998 2650 1085 2677 vera
1118 2636 1383 2678 demonstrari
1416 2641 1558 2687 potest,
1589 2637 1667 2676 sor-

177 2716 262 2744 mas
291 2717 382 2744 curn
415 2704 482 2744 illo
513 2721 535 2744 ν
563 2704 807 2756 principales
838 2705 963 2744 fuisse
1004 2710 1044 2744 et
1081 2705 1269 2757 paulatim
1313 2706 1472 2745 demum
1504 2704 1545 2743 in
1577 2704 1667 2743 bre-

166 2773 295 2813 viores
326 2772 549 2813 debilitatas
580 2784 682 2814 esse.
759 2772 847 2812 Hoc
887 2773 993 2813 enim
1026 2774 1269 2825 comparatio
1300 2785 1391 2813 cum
1423 2774 1668 2827 propinqua-
