1878 3190
790 115 1045 157 ...ῃ-,-

180 243 280 273 sane
309 236 449 284 negat,
489 243 579 270 cum
611 230 791 271 omnium
822 230 1017 271 vocalium
1049 228 1207 282 pondus
1247 226 1286 266 in
1325 226 1402 266 hac
1430 224 1591 278 quidem
1623 234 1666 263 re

110 317 113 319 ·
181 311 253 352 par
293 300 414 340 fuisse
449 306 489 339 et
527 304 691 351 propter
721 298 1018 339 distinctionem
1040 302 1211 337 >tantum
1250 294 1510 348 posteriorem
1552 305 1665 334 voca-

180 367 278 408 lium
308 382 340 417 ε,
371 382 393 407 ο
425 373 464 407 et
492 382 533 420 η,
565 381 599 406 ω
632 367 735 406 banc
765 367 997 420 opinionem
1016 367 1170 412 exstare
1200 363 1379 416 potuisse
1403 362 1519 403 dicit:
1552 361 1664 414 prius

181 447 272 475 vero
302 436 419 475 etiam
451 435 646 488 syllabas,
679 425 781 487 quae
811 447 853 474 re
883 447 974 474 vero
1005 433 1206 474 vocalibus
1236 444 1258 471 e
1285 430 1345 471 vel
1374 444 1398 470 o
1420 436 1559 470 natura
1579 429 1666 469 lon-

180 504 240 556 gis
270 515 365 544 usae
394 504 495 552 sint,
537 503 665 543 brevis
695 507 848 543 tantum
879 502 1025 543 vocalis
1056 502 1216 554 signum
1256 500 1295 540 in
1326 499 1523 552 scriptura
1556 496 1666 537 exbi-

180 572 341 621 buisse,
370 573 421 613 ita
455 577 497 611 ut
526 579 608 610 tum
640 572 802 623 quidem*
831 571 1099 611 clarissimum
1131 569 1273 614 fuerit,
1305 579 1558 620 nequaquam
1592 566 1663 607 bas

179 651 295 680 voces
334 639 383 680 ab
420 639 500 679 illis
531 639 683 680 alienas
709 652 822 686 esse,
867 638 934 679 ubi
975 637 1131 678 vocales
1172 652 1198 677 α
1227 636 1286 676 vel
1318 652 1331 675 ι
1369 635 1428 676 vel
1466 649 1491 675 v
1523 640 1662 675 natura

179 708 320 760 longae
352 713 516 748 exstent.
575 709 755 747 Attamen
787 707 1010 746 differentia
1040 707 1198 747 illarum
1230 701 1422 745 vocalium
1455 702 1550 743 mibi
1576 703 1664 755 qui-

178 775 266 815 dem
300 787 378 815 non
412 775 592 827 neganda
622 775 797 824 videtur,
840 781 879 815 et
917 775 1044 827 ipsam
1071 773 1369 815 distinctionem
1401 770 1662 824 posteriorem

177 842 284 895 longi
317 850 355 883 et
382 843 512 882 brevis
543 855 564 882 e
595 843 652 882 vel
683 856 706 881 o
746 843 822 882 hoc
848 844 1048 882 affirmare
1086 848 1197 894 puto.
1259 842 1338 881 Cur
1377 841 1484 880 enim
1514 852 1559 879 ea
1593 851 1662 879 ne-

177 912 347 952 cessaria
388 911 482 959 fuit,
525 910 600 950 nisi
641 910 766 963 major
798 910 1019 951 differentia
1062 911 1167 950 inter
1206 910 1320 950 breve
1360 915 1398 949 et
1437 908 1598 960 longum
1641 920 1662 947 e

178 980 235 1020 vel
265 993 288 1019 o
316 980 620 1027 observabatur,
651 991 769 1031 quam
801 980 906 1019 inter
936 979 1053 1019 breve
1085 985 1124 1018 et
1153 978 1314 1030 longum
1346 993 1373 1017 α
1404 977 1460 1017 vel
1491 992 1504 1016 ι
1536 976 1591 1016 vel
1623 991 1660 1015 v.

178 1048 256 1088 Has
287 1048 440 1088 vocales
472 1048 582 1088 novis
613 1047 737 1099 signis
764 1047 891 1087 allatis
922 1048 1027 1086 inter
1061 1060 1104 1087 se
1131 1044 1378 1098 'distinguere
1409 1058 1489 1086 non
1523 1056 1661 1085 neces-

176 1116 325 1155 sarium
358 1116 583 1158 videbatur,
624 1115 728 1166 quod
761 1114 912 1154 diversa
955 1127 1140 1154 mensura
1181 1115 1245 1154 hic
1282 1116 1416 1153 minus
1456 1120 1563 1153 certe
1594 1124 1663 1164 ap-

179 1184 351 1236 parebat.
413 1183 597 1224 Concedo
627 1194 748 1233 sane,
779 1182 854 1222 hoc
883 1183 1008 1235 magis
1039 1182 1087 1223 ad
1118 1182 1336 1235 posteriora
1361 1194 1477 1235 quam
1500 1180 1661 1222 Homeri

178 1257 355 1304 tempora
387 1251 606 1305 pertinere.
639 1256 811 1290 attamen
842 1251 1102 1299 contendam,
1135 1257 1218 1290 tum
1250 1263 1410 1303 quoque
1433 1249 1662 1302 productio-

177 1333 267 1359 nem
299 1320 490 1360 vocalium
515 1335 553 1368 α,
578 1336 602 1365 ι,
626 1334 650 1358 υ
671 1331 748 1358 non
772 1319 936 1359 eandem
958 1319 1220 1360 offensionem
1252 1319 1515 1372 praestitisse,
1543 1330 1660 1371 quam

177 1387 368 1428 vocalium
400 1402 416 1428 ε
445 1388 503 1428 vel
534 1402 568 1427 ο.

315 1457 451 1508 Neque
493 1455 625 1495 minus
666 1455 947 1506 productiones
988 1462 1249 1502 excusantur,
1292 1469 1391 1509 quae
1433 1460 1589 1495 exstant
1618 1452 1662 1493 Δ

175 1521 260 1563 592
289 1520 568 1578 ἀνερχομένῳ,
613 1523 654 1560 Ζ
679 1521 748 1572 62,
780 1522 832 1561 Η
859 1522 954 1571 121,
985 1524 1036 1563 Λ
1064 1521 1162 1574 793,
1190 1523 1227 1562 Ο
1255 1522 1338 1564 404
1368 1521 1591 1576 παρειπών,
1622 1522 1664 1560 Ζ

174 1588 258 1632 337
288 1592 557 1644 παρειποῦσα.
631 1589 717 1629 Huc
756 1591 860 1631 enim
900 1591 1095 1644 digamma
1136 1593 1382 1633 afferendum
1421 1603 1510 1632 esse
1542 1601 1658 1631 nemo

174 1659 343 1711 ignorat.
403 1659 499 1699 Cum
531 1657 651 1712 hujus
682 1672 882 1699 consonae
914 1660 1115 1709 doctrina,
1149 1662 1330 1713 quamvis
1351 1660 1490 1713 perdiu
1516 1672 1535 1698 a
1558 1658 1659 1698 mul-

176 1728 225 1767 tis
254 1728 506 1767 vehementer
536 1727 718 1779 repulsa,
754 1728 837 1780 jam
870 1729 967 1768 adeo
998 1729 1047 1768 ab
1079 1729 1266 1768 omnibus
1297 1728 1464 1781 probata
1504 1728 1577 1773 sit,
1617 1734 1656 1767 ut

174 1807 291 1834 nemo
321 1794 425 1834 serio
453 1801 589 1847 neget,
631 1808 715 1834 eam
754 1796 802 1835 ad
833 1808 990 1835 versum
1022 1796 1343 1849 componendum
1376 1795 1479 1848 apud
1515 1796 1659 1835 Home-

173 1875 260 1902 rum
292 1862 482 1910 valuisse,
516 1876 594 1903 non
629 1876 792 1903 necesse
820 1877 907 1903 esse
937 1865 1033 1904 mihi
1064 1865 1236 1916 videtur,
1266 1871 1310 1904 ut
1338 1864 1563 1905 accuratius
1595 1863 1661 1903 bic

172 1930 220 1969 de
251 1942 296 1970 ea
329 1930 530 1971 disseram.

311 1998 458 2039 Eadem
498 1999 720 2052 explicandi
759 2012 901 2049 causa,
949 2013 1050 2053 quae
1091 2000 1139 2040 ad
1181 1995 1412 2053 παρειπών,
1451 2001 1569 2041 etiam
1609 2000 1658 2040 ad

171 2065 225 2106 M
254 2064 310 2106 26
349 2066 513 2118 συνεχὲς
558 2067 755 2107 atterenda
799 2068 895 2107 mibi
939 2069 1111 2116 videtur,
1163 2069 1229 2109 ubi
1276 2082 1354 2108 non
1401 2069 1560 2121 quidem
1601 2069 1658 2108 di-

171 2146 346 2186 gamma,
386 2136 452 2174 sed
493 2149 519 2174 σ
548 2136 733 2174 extritum
766 2143 845 2185 est;
897 2138 945 2175 de
986 2138 1059 2177 hac
1088 2150 1179 2176 vero
1212 2150 1304 2176 voce
1336 2145 1375 2176 et
1407 2138 1455 2177 de
1486 2139 1658 2183 ratione,

170 2215 246 2254 qua
285 2201 336 2242 in'
379 2215 422 2242 ea
474 2203 584 2254 prior
627 2215 801 2243 consona
846 2205 1003 2244 Homeri
1061 2205 1310 2257 temporibus
1360 2205 1550 2252 valuerit,
1596 2206 1658 2244 in-

169 2270 225 2308 fra
267 2271 492 2310 accuratius
531 2270 777 2311 disserturus
817 2284 921 2311 sum.
955 2295 1002 2299 --
1075 2274 1210 2325 Neque
1251 2273 1378 2312 aliena
1411 2278 1471 2312 est
1499 2272 1548 2311 ab
1578 2272 1657 2311 illis

167 2337 266 2377 locis
304 2338 514 2390 productio
548 2339 584 2377 B
610 2337 695 2379 765
725 2337 900 2388 οῗετέας,
946 2341 1022 2380 nisi
1053 2341 1157 2392 quod
1192 2342 1255 2381 hie
1286 2341 1505 2392 digamma,
1548 2340 1654 2392 quod

168 2405 208 2444 in
259 2405 339 2445 illis
382 2405 577 2457 integrum
617 2407 814 2447 exstitisse
863 2408 1084 2460 putandum
1124 2415 1209 2456 est,
1262 2409 1301 2448 iu
1344 2408 1456 2448 aliam
1501 2408 1654 2448 literam

164 2473 330 2513 tran-siit.
390 2474 521 2513 Primo
551 2474 690 2515 obtutu
719 2476 879 2527 quidem
904 2477 978 2516 boc
1009 2474 1142 2529 οϊέτης
1163 2477 1312 2528 aliquid
1334 2477 1566 2516 offensionis
1589 2478 1656 2516 ha-

169 2542 264 2581 bere
306 2542 483 2591 videtur,
526 2556 617 2584 nam
658 2545 823 2584 formam
867 2542 1006 2592 ὂετέας
1046 2545 1177 2596 potius
1222 2552 1522 2597 exspectamus,
1567 2558 1657 2586 cum

165 2622 185 2648 e
217 2622 311 2649 voce
341 2605 514 2664 ὁμοέτης
544 2613 681 2653 eadem
723 2606 876 2653 ratione
907 2621 1036 2652 ortum
1077 2613 1149 2659 sit,
1187 2626 1264 2665 qua
1295 2611 1443 2666 ὄθριξ,
1485 2609 1654 2666 ὅθροος,

167 2672 263 2726 ὅζυξ
293 2689 339 2717 ex
372 2672 572 2732 ὃμόθριξ,
611 2675 850 2736 ὁμόθροος,
891 2676 1053 2732 ὁμόζυξ.
1121 2680 1168 2720 Et
1209 2693 1304 2721 sane
1348 2686 1500 2721 veteres
1527 2692 1656 2733 gram-

164 2745 321 2794 matici,
352 2745 457 2785 velut
486 2746 751 2797 Eustathius,
786 2749 862 2788 hoc
893 2765 903 2785 a
936 2749 1160 2800 appositum
1192 2763 1280 2790 esse
1317 2749 1385 2790 διὰ
1413 2747 1568 2802 μέτρου
1598 2747 1659 2789 εὖ·
