1878 3190
787 182 1043 226 -4-

171 298 314 339 infixae
345 303 454 347 sunt,
486 296 591 350 quod
624 295 795 337 subinde
825 304 992 338 necesse
1025 309 1116 339 esse
1145 296 1375 344 videbatur,
1409 302 1452 337 ut
1481 294 1663 345 vox‘i'mg

171 367 252 405 sive
282 365 384 414 τέως
413 367 636 419 spondeum
670 365 858 405 efficeret.
918 367 994 406 Sed
1028 367 1176 419 ubique
1207 366 1306 413 l'ere,
1340 364 1407 405 ubi
1440 364 1664 417 spondeum

171 435 292 475 efficit
338 433 436 484 ἕως,
485 448 556 475 vox
589 448 610 475 a
640 446 817 474 consona
849 434 1035 476 inchoata
1067 434 1351 487 subsequitur,
1402 433 1455 474 ita
1488 437 1532 474 ut
1557 438 1663 473 recta

173 503 299 543 forma
338 495 414 554 ἧος
444 503 661 543 substituta
694 508 864 542 metrum
897 516 1149 556 nequaquam
1179 502 1373 543 turbetur.
1434 502 1477 542 In
1507 501 1664 542 duobus

172 576 328 611 tantum
371 570 575 623 Odysseae
616 570 714 610 locis
753 583 824 610 vox
864 584 884 610 a
927 572 1050 612 vocali
1090 571 1274 612 inchoata
1315 570 1593 623 subsequitur,
1641 584 1664 609 ν

170 635 267 679 315.
310 646 350 679 et
389 653 411 678 o
444 637 565 686 153.‚
609 638 676 678 ubi
719 637 811 685 εἵως
837 637 880 678 ἐν
913 639 1046 693 Τροίῃ
1079 662 1131 669 -—-
1164 645 1312 687 exstat,
1364 639 1434 679 sed
1464 638 1661 679 levissima

169 707 391 748 mutatione
421 707 527 747 vocis
558 705 599 747 ἐν
629 707 670 746 in
702 704 758 746 ἐνὶ
791 706 853 745 his
885 705 984 745 locis
1016 706 1165 746 mederi
1188 706 1293 747 licet.
1352 707 1532 759 Denique
1550 717 1664 758 prae-

172 783 232 815 ter
270 767 346 827 ἧος
376 781 416 814 et
445 777 546 826 τῆος
575 775 714 826 paucis
745 774 844 814 locis
876 775 1120 826 posteriores
1153 788 1337 828 quoque,
1381 775 1483 828 apud
1514 775 1662 814 Atticos

170 843 370 895 imprimis
411 842 580 882 usitatae
613 843 763 882 formae
794 839 871 889 ἕως
901 847 940 880 et
970 840 1073 889 τέως
1102 848 1282 889 exstant,
1332 849 1400 882 aut
1428 855 1499 895 pro
1529 842 1662 882 iambo

170 918 240 951 aut
269 923 342 962 pro
373 910 661 962 monosyllabo,
686 910 755 949 sed
786 910 827 948 in
862 909 1087 950 novissimis
1117 911 1279 951 demum
1304 910 1437 950 iliadis
1469 910 1660 963 partibus,

170 992 314 1032 nempe
336 977 378 1019 Ω
406 976 503 1020 658.
527 975 640 1031 ὄφρα
670 975 771 1024 τέως
800 973 928 1024 αὐτὸς
957 983 996 1016 et
1029 976 1175 1018 P727.
1197 975 1273 1026 ἕως
1300 976 1375 1029 μὲν
1404 977 1496 1032 γὰρ.
1543 978 1661 1018 Prae-

167 1055 274 1087 terea
306 1046 383 1095 ἕως
413 1053 452 1086 et
481 1043 595 1092 τέως,
627 1045 686 1084 vel
718 1045 852 1096 potius
882 1036 958 1096 ἧος
987 1050 1025 1083 et
1055 1048 1155 1098 τῆος
1185 1046 1224 1085 in
1259 1046 1380 1085 Iliade
1401 1047 1662 1087 inveniuntur

163 1115 200 1156 O
229 1112 313 1156 630
343 1112 420 1162 ἕως
450 1110 471 1155 ὃ
501 1115 560 1168 τῷ
598 1110 803 1164 πολέμιζε,
840 1112 884 1153 Ψ
907 1110 992 1153 602
1022 1110 1098 1162 ἕως
1129 1109 1150 1154 ὃ
1179 1116 1263 1154 τῶν
1291 1114 1338 1156 A
1368 1111 1460 1161 193,
1492 1113 1536 1154 K
1562 1112 1658 1162 507,

166 1184 217 1222 A
247 1183 353 1227 411,
396 1184 434 1222 Ρ
461 1181 567 1231 106,
601 1181 639 1220 Σ
667 1181 720 1221 15
754 1179 830 1228 ἕως
859 1178 880 1220 ὃ
912 1179 1036 1222 ταῦθ’
1075 1180 1255 1235 ὥρμαινε
1284 1206 1351 1230 ——,
1385 1185 1428 1222 Τ
1455 1181 1536 1225 189
1564 1200 1661 1235 μιμ-

167 1249 269 1291 νέτω
299 1246 454 1291 αὐτόθι
484 1249 606 1298 τέως,
638 1245 895 1302 ἐπειγόμενος
924 1273 977 1278 —

306 1319 492 1359 Ceterum
524 1319 558 1357 is
588 1323 740 1357 tantum
773 1317 909 1356 mirari
938 1323 1090 1369 potest,
1143 1318 1249 1369 quod
1281 1318 1320 1357 in
1353 1318 1556 1357 codicibus
1586 1330 1658 1357 no-

166 1388 261 1426 stris
294 1388 419 1426 sorma
451 1386 542 1426 talis
573 1386 717 1425 tradita
748 1385 817 1431 sit,
851 1398 941 1424 cum
973 1398 1015 1424 re
1047 1398 1135 1424 vera
1169 1385 1243 1424 alia
1276 1385 1443 1436 legenda
1477 1386 1554 1432 sit,
1587 1386 1654 1438 qui

165 1455 323 1505 ignorat
362 1454 568 1494 historiam
611 1452 833 1492 carminum
875 1451 1049 1492 Homeri.
1131 1452 1307 1492 Primum
1349 1452 1454 1492 enim
1492 1454 1656 1492 omnino

167 1522 339 1561 dubitari
382 1527 536 1573 potest,
587 1526 720 1560 utrum
753 1520 846 1559 inde
876 1532 896 1559 a
927 1526 1130 1572 tempore,
1187 1533 1267 1572 quo
1297 1520 1514 1572 composita
1547 1527 1656 1569 sunt,

165 1590 358 1629 continuo
391 1589 518 1629 literis
549 1589 732 1628 mandata
765 1589 846 1628 sint
877 1588 976 1629 haec
1004 1588 1178 1628 carmina
1211 1599 1261 1628 an
1292 1588 1425 1640 potius
1456 1600 1529 1640 per
1557 1594 1655 1628 tem-

164 1670 240 1709 pus
289 1657 448 1709 aliquod
496 1657 731 1697 recitatione
785 1662 936 1696 tantum
986 1656 1258 1708 memoriaque
1296 1655 1439 1696 tradita
1476 1662 1516 1696 et
1553 1656 1656 1697 mul·

162 1732 203 1764 to
252 1732 342 1777 post
393 1726 552 1765 demum
602 1725 728 1764 literis
778 1737 966 1775 expressa
1014 1725 1107 1764 sint.
1186 1725 1262 1764 Sed
1312 1724 1393 1763 sive
1434 1723 1532 1764 illud
1572 1726 1654 1765 sive

162 1793 329 1833 alterum
361 1799 469 1832 recte
500 1805 544 1832 se
577 1792 717 1839 habet,
765 1793 1041 1843 gravissimum
1074 1798 1133 1832 est
1161 1792 1201 1831 in
1233 1792 1397 1832 historia
1430 1792 1652 1834 carminum

161 1866 434 1906 momentum,
489 1873 578 1899 cum
631 1861 923 1900 recentioribus
974 1861 1099 1900 literis
1141 1860 1500 1911 perscriberentur.
1570 1862 1655 1902 Pri-

160 1941 270 1968 mum
318 1929 424 1967 enim
474 1927 728 1979 alphabetum
780 1928 828 1967 ad
871 1940 914 1966 ea
960 1927 1171 1967 scribenda
1213 1927 1497 1973 adhibebatur,
1546 1930 1651 1981 quod

159 1997 332 2036 Atticum
374 1996 451 2036 dici
493 1996 614 2041 solet,
664 1996 704 2034 in
746 2008 826 2047 quo
867 2007 999 2047 neque
1031 1995 1255 2046 geminatae
1287 2008 1488 2037 consonae
1520 2009 1651 2049 neque

159 2064 317 2104 vocales
345 2079 371 2115 η
413 2069 452 2102 et
482 2077 537 2110 ω,
584 2076 714 2115 neque
746 2063 984 2115 diphthongi
1016 2078 1048 2103 ει
1080 2069 1119 2102 et
1149 2077 1198 2103 ov
1227 2063 1354 2115 signis
1381 2051 1651 2116 peculiaribus

159 2144 372 2184 expressae
414 2137 550 2178 erant3
597 2144 669 2182 pro
700 2131 897 2183 geminata
930 2131 1066 2183 potius
1094 2130 1264 2182 simplex
1293 2143 1469 2172 consona
1502 2132 1651 2173 seribe-

158 2199 278 2240 batur
322 2205 362 2239 et
402 2210 474 2251 pro
505 2197 636 2250 longis
667 2199 870 2238 vocalibus
905 2205 943 2238 et
974 2198 1236 2250 diphthongis
1267 2198 1396 2238 brevis
1422 2199 1567 2240 vocalis
1597 2201 1651 2240 si·

158 2280 307 2319 gnum,
356 2267 396 2306 E
431 2267 553 2319 igitur
594 2279 663 2318 pro
703 2283 729 2319 η
770 2273 808 2307 et
838 2282 898 2316 ει,
951 2266 988 2307 Ο
1019 2279 1091 2319 pro
1124 2281 1157 2306 ω
1187 2272 1225 2306 et
1255 2281 1314 2306 ov.
1374 2266 1513 2309 Postea
1543 2282 1648 2318 vero,

155 2337 267 2376 novis
300 2335 428 2387 signis
458 2335 497 2374 in
529 2334 783 2386 alphabetum
816 2335 1011 2388 receptis,
1054 2332 1096 2373 Ω
1121 2347 1193 2386 pro
1224 2334 1342 2386 longo
1383 2348 1419 2383 o,
1470 2335 1552 2376 ΟΥ
1576 2349 1648 2390 pro

154 2403 276 2455 longo
307 2416 333 2443 u
365 2401 639 2449 scribebatur,
690 2403 737 2441 ad
771 2403 888 2442 breve
919 2416 944 2442 u
976 2415 1091 2451 vero,
1142 2403 1249 2453 quod
1282 2403 1478 2454 imprimis
1508 2406 1647 2445 Aeoles

155 2470 415 2517 obtinebant,
462 2476 547 2509 tum
585 2470 637 2516 Υ,
679 2476 760 2510 tum
798 2470 834 2511 O
864 2471 1022 2522 signum
1055 2470 1317 2510 referebatur.
1376 2470 1489 2511 ΕΟΣ
1514 2472 1646 2524 igitur,

154 2545 200 2578 ut
231 2537 455 2589 exemplum
487 2539 672 2588 afferam,
714 2551 853 2578 novem
882 2551 997 2578 voces
1027 2538 1252 2589 significare
1285 2539 1410 2590 potuit
1440 2540 1481 2579 in
1514 2542 1648 2592 priore

154 2605 394 2658 alphabeto,
437 2611 556 2657 prout
586 2612 655 2645 aut
684 2621 716 2655 ε,
746 2622 788 2658 η,
822 2621 854 2646 ει
884 2612 951 2646 aut
982 2621 1016 2653 ο,
1049 2620 1094 2650 ω,
1123 2620 1170 2646 ου
1200 2605 1526 2648 substituendum
1548 2614 1645 2657 erat,

150 2685 296 2725 nempe
317 2671 396 2723 ἓός,
425 2664 512 2723 ἧος,
545 2669 637 2722 εἷος,
670 2671 760 2721 ἕως,
792 2670 892 2725 ἥως.
924 2672 1031 2721 εἵως,
1060 2670 1165 2722 ἓόυς,
1197 2670 1310 2724 ibone,
1341 2673 1458 2721 εἳόυς.
1521 2675 1644 2727 Cujus

151 2753 291 2781 vocum
341 2740 480 2791 copiae
528 2753 745 2791 paucarum
786 2741 989 2781 literarum
1030 2738 1316 2791 conjunctione
1358 2754 1569 2794 expressae
1608 2743 1640 2783 si

148 2810 343 2851 rationem
375 2807 591 2855 habemus,
632 2809 809 2860 profecto
841 2808 986 2849 mirum
1019 2821 1108 2849 esse
1138 2821 1217 2850 non
1249 2815 1400 2862 potest,
1439 2811 1480 2851 in
1513 2817 1639 2852 trans-
