1878 3190
787 77 955 128 —513
1013 111 1067 118 -

182 200 392 253 plicandae
422 207 517 241 sunt
548 200 730 249 (Curtius
760 192 786 238 l
818 198 1077 249 1.Nr.650),
1110 202 1164 242 ita
1198 196 1240 241 ut
1269 213 1312 241 re
1342 194 1430 241 vem
1460 195 1559 265 ὃήι,
1590 195 1673 253 ὅῲ

179 275 219 308 et
249 275 335 308 tum
366 268 597 308 assimilata
615 279 791 308 consona
818 266 834 318 j
867 264 969 317 ὅττι,
1003 283 1096 309 one
1125 261 1321 322 primum
1331 262 1543 309 exstarent.
1596 267 1672 308 Ne·-

180 345 259 396 que
299 332 414 382 aliter
443 330 617 397 πρόσσω
647 338 687 377 et
716 329 844 385 ὅσσος
874 333 1110 393 explicanda
1141 341 1262 392 sunt,
1311 331 1483 393 πρόσσω
1512 334 1617 372 enim
1649 347 1671 372 e

178 409 303 453 stirpe
333 408 525 454 προ-τῄο
555 413 685 441 ortum
718 414 779 441 est
808 410 993 449 (Curtius
1023 412 1090 445 Nr.
1121 409 1246 453 380).
1288 409 1414 451 ὅσσος
1442 422 1488 443 ex
1519 402 1669 454 fvt-jo,-

177 470 214 529 τ]
257 469 364 516 enim
407 467 667 516 usitatissima
697 479 889 513 sonorum
922 470 1143 516 mutatione
1172 470 1212 515 in
1245 483 1301 515 σσ
1328 467 1505 521 transiit,
1559 469 1668 526 quod

176 542 387 592 permultis
425 542 621 590 exemplis
653 543 881 578 confirmari
913 549 1055 591 potest.
1102 545 1262 582 Procul
1292 545 1415 581 dubio
1445 543 1569 591 igitur
1597 558 1670 580 οπ-

175 623 285 661 πως,
327 623 454 658 οσσος
484 615 615 651 cetera
645 606 794 650 formae
824 605 1091 663 principales,
1129 605 1263 659 ὁπως,
1308 622 1406 658 οοος
1435 617 1483 649 ex
1513 605 1572 648 eis
1599 605 1668 648 de—

174 676 351 716 bilitatae
382 683 488 714 sunt.
548 677 694 727 Utique
727 678 1019 726 posterioribus
1050 679 1300 728 temporibus
1330 679 1405 715 hoc
1435 679 1507 715 ita
1518 677 1667 715 consti*

174 753 304 786 tutum
338 750 410 793 est,
443 751 486 785 ut
515 757 632 784 voces
663 743 767 791 illae.
801 743 866 785 ubi
900 759 920 786 a
953 751 1068 798 poeta
1100 744 1208 798 prior
1238 734 1363 786 forma
1389 739 1664 793 adhibebatur,

175 812 242 854 ubi
274 813 397 865 igitur
426 824 515 852 curn
547 811 664 864 longa
697 811 914 864 penultima
948 819 1114 859 exstant,
1145 824 1234 851 cum
1267 812 1464 864 geminata
1488 823 1664 851 consona

172 882 461 921 scriberentur.
540 881 637 919 Nam
682 888 722 920 ut
764 893 884 931 supra
910 880 1001 931 ⁴>jam
1034 881 1365 928 commemoravi,
1412 879 1662 933 transcriptis

173 947 419 990 carminibus
461 946 681 988 Homericis
730 947 783 987 ita
838 954 1028 1000 corrupto
1075 955 1200 989 metro
1247 949 1396 988 mederi
1437 947 1663 996 studebant,

174 1024 218 1056 ut
256 1018 290 1056 si
322 1017 438 1067 longa
470 1015 617 1067 syllaba
650 1027 754 1066 opus
786 1023 892 1063 erat,
946 1023 1013 1055 aut
1045 1029 1221 1056 consona
1253 1016 1505 1068 subsequens
1533 1016 1665 1067 dupli-

172 1090 334 1126 caretur
375 1090 442 1124 aut
472 1083 589 1135 longa
623 1082 768 1123 vocalis
801 1082 858 1123 vel
892 1083 1166 1136 diphthongus
1193 1082 1415 1136 propinqua
1446 1083 1663 1124 substitue-

172 1145 313 1193 retur.⁴
355 1152 532 1192 Subinde
562 1151 720 1202 quidem
754 1151 898 1190 salsum
932 1153 1151 1191 remedium
1176 1152 1457 1200 adhibebatur,
1487 1152 1661 1203 plerum—

172 1233 249 1275 que
289 1232 406 1271 vero,
457 1219 560 1260 velut
600 1219 639 1259 in
681 1218 1016 1272 productionibus
1056 1220 1172 1260 modo
1203 1220 1544 1268 commemoratis,
1595 1220 1659 1260 ubi

172 1290 445 1329 extensionem
485 1288 659 1339 syllabae
700 1288 969 1338 geminatione
1001 1301 1202 1329 consonae
1234 1289 1533 1340 significabant,
1579 1289 1660 1328 sive

169 1356 352 1399 consulto
381 1356 462 1397 sive
493 1355 607 1396 inscii
639 1361 791 1396 rectum
824 1357 1121 1409 praestiterunt.

312 1425 542 1476 Singulares
588 1424 763 1475 denique
803 1426 1086 1475 productiones
1128 1430 1301 1471 restant,
1350 1437 1449 1476 quas
1488 1437 1530 1464 re
1569 1437 1656 1464 vera

167 1493 369 1535 licentiam
414 1492 633 1545 poeticam,
682 1492 860 1544 quamvis
913 1493 1009 1533 satis
1057 1492 1273 1540 fir-matam,
1329 1492 1475 1533 habere
1515 1492 1658 1545 possis.

168 1561 336 1601 Exstant
362 1560 468 1600 enim
500 1561 539 1598 in
571 1560 628 1598 eis
657 1561 837 1608 vocibus,
869 1573 970 1612 quae
1002 1561 1137 1599 multis
1170 1560 1355 1599 brevibus
1381 1560 1542 1612 syllabis
1563 1573 1658 1599 con-

166 1631 358 1678 tinentur,
388 1629 439 1670 ita
472 1634 513 1670 ut
542 1629 688 1670 amissa
721 1629 794 1670 hac
825 1629 1008 1670 libertate
1037 1642 1058 1670 a
1093 1635 1206 1682 poeta
1242 1628 1354 1682 epico
1374 1627 1555 1670 adhiberi
1578 1640 1655 1670 non

166 1706 348 1752 possent.
418 1698 537 1737 Poeta
577 1697 698 1749 igitur
737 1698 800 1737 hic
842 1697 955 1737 metri
997 1697 1222 1736 necessitati
1260 1697 1406 1749 aliquid
1439 1699 1658 1737 concedere

166 1768 307 1815 debet,
350 1767 421 1806 sed
452 1767 518 1806 hic
549 1779 707 1818 quoque
740 1779 818 1806 non
851 1766 969 1818 plane
1000 1778 1073 1818 pro
1104 1764 1291 1817 arbitri03
1340 1766 1518 1819 quamvis
1549 1766 1654 1806 enim

160 1835 242 1888 jam
274 1835 359 1887 ipsa
393 1833 662 1882 necessitudo,
695 1839 764 1872 aut
793 1832 864 1872 has
887 1845 1002 1872 voces
1023 1845 1172 1885 easque
1195 1833 1472 1874 usitatissimas
1492 1835 1655 1874 omnino

165 1902 372 1943 omittendi
406 1907 474 1942 aut
505 1901 692 1942 inusitate
723 1900 967 1950 adhibendi,
1009 1902 1112 1942 hanc
1140 1900 1358 1942 libertatem
1391 1902 1559 1955 fortasse
1590 1915 1655 1942 ex-

163 1983 304 2012 cusare
334 1969 473 2023 possit,
502 1975 632 2009 tamen
665 1974 820 2020 poetam
854 1969 1061 2009 censuisse
1090 1969 1182 2021 plus
1202 1970 1470 2010 excusationis
1490 1981 1654 2010 necesse

162 2053 252 2080 esse
284 2039 332 2080 ad
365 2038 610 2091 probandam
642 2037 968 2090 productionem,
1001 2037 1221 2078 clarissime
1253 2045 1427 2091 apparet.
1488 2039 1654 2091 Semper

162 2108 270 2148 enim
309 2107 413 2147 ictus
453 2105 644 2146 metricus
684 2105 866 2151 affertur,
917 2106 971 2145 ita
1011 2112 1054 2146 ut
1091 2119 1230 2147 vocum
1268 2107 1428 2147 illarum
1459 2107 1650 2160 producta

162 2175 313 2230 syllaba
344 2186 548 2227 nunquam
582 2174 657 2214 nisi
689 2173 729 2213 in
762 2173 842 2214 arsi
873 2173 1118 2224 inveniatur,
1154 2182 1193 2215 et
1222 2182 1428 2228 praeterea
1460 2175 1524 2216 bic
1554 2187 1652 2227 quo-

161 2257 239 2298 que
270 2256 341 2285 eae
371 2249 524 2284 tantum
558 2241 713 2282 vocales
744 2242 796 2282 ita
829 2239 1090 2291 adhibentur,
1129 2255 1227 2296 quas
1258 2249 1398 2284 natura
1424 2243 1538 2296 quasi
1571 2254 1652 2282 ma—

160 2314 221 2366 gis
253 2313 301 2354 ad
332 2311 548 2364 ancipitem
581 2322 809 2351 mensuram
842 2310 1037 2352 inclinare
1056 2324 1174 2364 supra
1197 2312 1475 2353 demonstravi.
1534 2311 1650 2355 Loca,

161 2394 262 2434 quae
304 2381 384 2421 huc
413 2385 619 2432 spectant,
663 2385 758 2419 sunt
787 2379 829 2418 Γ
852 2375 950 2428 313,
981 2379 1018 2420 O
1047 2377 1144 2431 305,
1176 2377 1219 2418 Ω
1245 2377 1329 2421 330
1360 2377 1582 2420 ἀπονέοντο
1610 2372 1654 2421 Ξ

156 2447 214 2491 46
244 2446 495 2490 ἀπονέεσθαι
524 2443 582 2503 (et
612 2447 810 2495 similiter,
842 2447 1073 2499 ubicunque
1104 2447 1211 2488 verbi
1243 2445 1496 2489 ἀπονέεσθαι
1525 2447 1650 2486 forma

158 2515 306 2569 exstat)
346 2515 387 2555 B
416 2512 501 2556 337
530 2512 799 2569 ἀγοράασθε,
837 2515 875 2554 Ε
901 2512 986 2556 763
1017 2513 1253 2568 ἀποδίωμαι
1281 2515 1333 2555 Λ
1362 2512 1446 2556 823
1474 2516 1534 2565 (et
1564 2511 1650 2552 ubi—

157 2596 319 2638 cunque
358 2590 564 2637 praeterea
603 2584 701 2624 haec
743 2596 816 2624 vox
845 2585 1013 2634 exstat),
1051 2582 1244 2638 Διογενὲς
1273 2583 1314 2624 Β
1345 2581 1454 2632 817,
1494 2580 1539 2622 Δ
1565 2577 1650 2621 489

157 2660 195 2696 et
225 2653 462 2706 saepissime
490 2650 754 2707 Πριαμίδης,
784 2652 827 2690 Ζ
852 2649 937 2692 290
969 2649 1184 2691 Σιδονίων.

299 2721 549 2764 Creberrime
587 2720 639 2761 ita
671 2736 718 2769 α,
769 2719 875 2773 quod
914 2719 1056 2762 dicunt
1093 2719 1353 2773 privativum,
1401 2716 1646 2772 producitur.
