1878 3190
788 129 955 172 -11
1016 153 1072 161 —

186 242 240 295 ΙΙ,
281 255 322 296 p.
360 241 464 296 85),
503 246 657 296 μοῦνος
695 256 768 297 pro
811 240 996 295 μόνΕος,
1044 239 1272 296 ἀπειρέσιος
1300 244 1394 294 'pro
1429 238 1671 295 ἀπερείσιος,

187 311 310 353 multa
339 312 442 362 alia;
484 312 683 354 interdum
715 313 832 354 etiam
863 312 1010 354 vocalis
1036 328 1051 352 ι
1079 311 1138 352 vel
1168 325 1216 360 υ,
1256 311 1436 363 quamvis
1473 310 1559 364 ipsa
1595 322 1671 351 suo

182 380 275 420 loco
305 387 581 429 conservetur,
614 382 690 421 boc
720 382 859 429 efficit,
890 381 1056 421 velutin
1079 379 1222 429 ξείνιος
1244 391 1316 431 pro
1342 377 1484 427 ξένιος,
1513 376 1672 431 φοίνιος

187 460 258 500 pro
290 445 454 503 φόνιος,
498 447 575 489 εῖνί
599 461 671 501 pro
711 446 792 499 ἐνί,
833 448 1033 502 κρείσσων
1074 448 1132 490 vel
1173 447 1344 500 primum
1383 445 1568 500 npea'tjwv
1599 458 1671 498 pro

184 518 380 570 npeviov,
420 516 496 556 alia
526 516 566 556 id
596 529 738 568 genus.
800 517 980 569 Denique
1020 517 1068 557 ad
1097 515 1335 567 epenthesin
1369 514 1485 555 etiam
1516 509 1671 568 ὑπείρε-

180 596 258 634 χον
299 596 369 635 pro
405 579 641 638 ὑπερεῖχον,
683 584 828 625 similia
871 590 1063 637 spectant.
1097 605 1141 611 —
1209 585 1251 622 ln
1284 582 1503 634 posteriore
1533 581 1670 633 lingua

185 662 230 690 ex
272 657 383 703 parte
422 651 566 691 similia
605 658 821 704 apparent,
869 652 1108 704 plerumque
1151 664 1241 691 vero
1285 650 1375 691 illae
1415 649 1571 690 vocales
1611 649 1669 689 vel

184 730 399 768 consonae,
431 732 534 772 quae
564 720 723 760 Homeri
755 726 933 773 tempore
964 726 1020 760 tot
1048 718 1289 760 mutationes
1319 718 1555 765 effecerunt,
1583 717 1670 756 sine

185 786 264 827 ullo
296 788 456 839 vestigio
487 796 742 829 evanuerant.
772 812 827 818 —-

323 855 450 896 Causa
480 856 712 908 gravissima
739 856 821 910 jam
853 856 944 897 addi
977 861 1108 909 potest
1139 855 1241 896 liber
1273 867 1391 902 usus,
1422 853 1490 906 qui
1521 853 1560 893 iu
1590 851 1671 904 pri-

185 935 247 970 ma
278 936 413 963 versus
443 925 537 964 sede
565 924 744 964 adhiberi
775 925 888 964 solet.
957 924 1016 963 llli
1058 937 1196 964 versus
1226 924 1305 963 huc
1334 927 1537 974 spectant,
1568 932 1669 973 quos

184 996 334 1030 veteres
365 990 530 1043 στίχους
550 989 782 1046 ἀκεφάλους
803 992 1075 1041 nominabant,
1107 1004 1186 1044 quo
1207 991 1368 1032 nomine
1386 1002 1526 1030 versus
1545 989 1669 1041 signi-

182 1057 375 1107 ficabant,
417 1060 456 1099 in
500 1072 670 1112 quorum
715 1061 843 1112 primo
881 1060 982 1112 pede
1024 1072 1095 1111 pro
1137 1059 1315 1110 spondeo
1358 1058 1569 1098 trochaeus
1607 1056 1666 1096 vel

178 1126 339 1178 jambus
378 1128 436 1167 vel
476 1128 656 1169 tribrevis
692 1135 830 1169 exstat.
902 1129 999 1169 Nam
1042 1133 1192 1168 veteres
1231 1125 1477 1179 grammatici
1518 1125 1566 1165 de
1605 1124 1667 1165 his

182 1193 302 1233 rebus
342 1194 576 1247 plerumque
621 1197 853 1236 exteriorem
885 1202 1038 1236 tantum
1071 1195 1246 1247 speciem
1277 1195 1535 1235 observantes
1560 1192 1666 1245 judi-

182 1261 347 1312 cabant,
377 1269 414 1303 et
441 1264 516 1304 hac
546 1265 697 1304 ratione
727 1265 1013 1316 productiones
1044 1276 1203 1316 quoque
1236 1262 1274 1303 in
1308 1262 1381 1303 tria
1410 1274 1556 1314 genera
1587 1260 1666 1300 dis-

184 1330 427 1381 pertierunt,
469 1338 588 1384 prout
610 1337 678 1372 aut
706 1331 748 1371 in
777 1332 890 1372 initio
922 1343 1059 1378 versus
1088 1337 1157 1371 aut
1194 1331 1235 1370 in
1274 1330 1404 1370 medio
1434 1336 1503 1370 aut
1529 1330 1569 1369 in
1601 1341 1666 1368 ex-

181 1404 300 1437 eunte
331 1411 445 1438 versu
479 1405 654 1450 exstent3
685 1405 863 1440 statuunt
895 1400 999 1439 enim
1032 1400 1204 1451 primum
1227 1397 1392 1450 στίχους
1420 1394 1665 1451 ἀκεφάλους,

182 1471 263 1505 tum
294 1461 521 1520 λαγάρους,
552 1467 726 1519 denique
755 1466 969 1521 μειούρους
1001 1468 1069 1517 (cf.
1100 1467 1326 1508 Athenaeus
1357 1465 1452 1513 XlV,
1483 1478 1520 1518 p.
1550 1463 1663 1512 620).

182 1534 293 1581 Quos
328 1546 466 1574 omnes
506 1535 743 1588 plerumque
791 1536 984 1576 recitandi
1023 1536 1140 1575 modo
1180 1535 1377 1588 explicare
1416 1541 1455 1574 et
1494 1533 1664 1585 probare

182 1602 365 1652 student,
398 1604 467 1643 sed
496 1617 574 1656 quo
601 1605 713 1656 jure,
744 1617 823 1644 non
854 1604 1014 1644 difficile
1045 1610 1106 1644 est
1134 1603 1364 1652 intellectu;
1408 1615 1498 1644 nam
1533 1607 1663 1654 poste-

182 1669 308 1710 riores
359 1683 516 1724 quoque
566 1678 702 1724 poetas
756 1671 956 1712 interdum
997 1671 1280 1724 productiones
1335 1670 1527 1724 praebere
1568 1670 1664 1710 satis

181 1744 359 1786 constat,
391 1741 569 1791 quamvis
600 1754 664 1780 ars
695 1734 864 1781 canendi
899 1753 978 1781 non
1011 1741 1058 1780 ad
1080 1753 1215 1780 eorum
1239 1739 1413 1780 carmina
1445 1743 1607 1792 spectet.

331 1806 424 1847 lllos
454 1813 585 1848 tamen
619 1821 770 1858 versus,
800 1821 900 1861 quos
919 1804 1151 1861 ἀκεφάλους
1171 1814 1333 1856 vocant,
1361 1819 1456 1847 sane
1472 1806 1661 1859 quodam·

179 1873 297 1914 modo
339 1875 412 1916 hac
453 1889 572 1916 causa
612 1889 800 1917 excusare
839 1877 942 1917 licet.
1001 1877 1097 1916 Nam
1129 1876 1178 1916 de
1210 1876 1276 1916 illa
1308 1875 1460 1916 ratione
1489 1875 1665 1926 cogitan-

178 1941 272 1983 dum
312 1949 394 1992 est,
445 1957 562 1998 quam
602 1945 769 1986 Romani
813 1944 1102 1992 sublationem,
1146 1957 1218 2001 nps
1261 1942 1417 1995 &instuit
1457 1944 1663 1984 nominare

178 2011 366 2053 solemus.
428 2013 637 2053 Praeterea
668 2026 758 2053 vero
789 2013 889 2053 aliae
921 2026 1066 2053 causae
1097 2014 1311 2060 accedunt,
1344 2014 1490 2065 quibus
1519 2026 1568 2052 ne
1591 2012 1659 2052 mi·

178 2079 330 2119 nimum
371 2080 530 2132 quidem
563 2081 797 2122 offensionis
835 2082 998 2122 liberior
1041 2082 1106 2121 hic
1138 2094 1236 2122 usus
1267 2081 1433 2122 exhibet.
1492 2073 1590 2121 Nam
1622 2081 1661 2120 in

174 2147 290 2186 initio
332 2160 470 2187 versus
509 2162 582 2188 vox
611 2150 777 2200 integris
818 2150 930 2200 quasi
970 2150 1120 2189 viribus
1158 2150 1199 2188 in
1235 2150 1403 2200 primam
1434 2161 1567 2188 vocem
1598 2161 1662 2188 ca-

176 2215 231 2255 dit
246 2218 422 2267 eamque
444 2216 575 2257 acrius
595 2216 845 2269 pronunciat.
890 2218 1057 2270 Propter
1076 2217 1377 2258 collocationem
1400 2229 1557 2270 quoque
1579 2228 1662 2255 ver-

177 2282 343 2333 borum,
383 2296 484 2335 quae
515 2285 554 2324 in
588 2284 700 2324 initio
734 2297 880 2333 Vversus
912 2286 1163 2337 potissimum
1196 2286 1381 2325 lacillime
1411 2292 1551 2335 poetae
1591 2296 1661 2323 an·

174 2352 326 2403 gustias
347 2352 477 2393 facere
508 2352 659 2405 potuit,
695 2352 862 2394 sortasse
894 2353 1021 2406 major
1049 2354 1212 2396 libertas
1254 2354 1311 2395 in*
1335 2352 1462 2407 primo
1492 2352 1593 2405 pede
1623 2351 1659 2392 ei

173 2420 427 2460 concedenda
467 2426 563 2463 erat.
623 2422 813 2473 Spectant
851 2423 930 2462 huc
959 2421 1004 2462 Δ
1025 2422 1121 2472 155,
1147 2421 1182 2460 E
1206 2420 1290 2463 359
1321 2421 1411 2475 φίλε
1445 2419 1661 2473 κασίγνητε

178 2488 219 2528 Φ
248 2485 332 2529 352
361 2487 414 2528 τὰ
441 2487 545 2542 περί,
576 2489 618 2529 Γ
642 2487 739 2538 357,
779 2488 822 2530 Δ
853 2489 947 2541 135,
985 2492 1028 2531 H
1054 2489 1150 2538 251,
1178 2490 1230 2533 A
1257 2488 1341 2532 435
1372 2487 1459 2539 διὰ,
1495 2488 1547 2530 Λ
1574 2486 1661 2530 497

174 2555 345 2605 δαΐζων,
383 2556 433 2594 Χ
457 2554 541 2597 236
568 2553 617 2604 ὃς
647 2554 778 2609 ἔτλης,
811 2556 852 2598 Ω
883 2557 964 2600 154
994 2556 1042 2607 ὃς
1069 2556 1152 2607 ἄξει
1173 2589 1183 2606 ,
1213 2559 1264 2598 Χ
1287 2556 1385 2610 379,
1423 2557 1466 2597 Ψ
1491 2557 1532 2604 2,
1565 2557 1659 2598 alibi

176 2621 338 2676 ἐπειδὴ,
371 2621 413 2663 Ω
434 2623 455 2664 1
490 2625 588 2665 λύτο
620 2623 787 2679 δ’ἀγών.
821 2649 868 2656 -
932 2628 1116 2667 Ceterum
1137 2640 1183 2667 eo
1205 2627 1337 2667 minus
1359 2627 1531 2667 Homero
1553 2626 1661 2666 bunc

171 2703 287 2731 usum
327 2692 540 2744 opprobrio
579 2694 708 2734 facere
746 2694 861 2751 licet,
923 2695 1026 2747 quod
1067 2695 1108 2735 in
1150 2695 1238 2737 aliis
1278 2707 1436 2748 quoque
1475 2707 1659 2735 versuum

170 2759 384 2814 generibus
424 2766 466 2801 et
498 2762 601 2818 apud
639 2762 834 2815 plurimos
873 2770 1012 2820 poetas
1043 2764 1180 2804 eadem
1220 2763 1319 2805 haec
1345 2763 1514 2804 varietas
1544 2763 1662 2820 primi
