<?xml version="1.0" encoding="UTF-8"?>
<!DOCTYPE html PUBLIC "-//W3C//DTD XHTML 1.0 Transitional//EN"
    "http://www.w3.org/TR/xhtml1/DTD/xhtml1-transitional.dtd">
<html xmlns="http://www.w3.org/1999/xhtml" xml:lang="en" lang="en">
 <head>
  <title>
</title>
<meta http-equiv="Content-Type" content="text/html;charset=utf-8" />
  <meta name='ocr-system' content='tesseract 3.04.00' />
  <meta name='ocr-capabilities' content='ocr_page ocr_carea ocr_par ocr_line ocrx_word'/>
</head>
<body>
  <div class='ocr_page' id='page_1' title='image "4738066_0010.png"; bbox 0 0 1878 3190; ppageno 0'>
   <div class='ocr_carea' id='block_1_1' title="bbox 238 515 1730 2706">
    <p class='ocr_par' dir='ltr' id='par_1_1' title="bbox 238 515 1730 2233">
     <span class='ocr_line' id='line_1_1' title="bbox 376 515 1728 605; baseline 0.002 -13"><span class='ocrx_word' id='word_1_1' title='bbox 376 515 452 593; x_wconf 77' lang='lat' dir='ltr'><strong>Ut</strong></span> <span class='ocrx_word' id='word_1_2' title='bbox 499 551 636 605; x_wconf 80' lang='lat' dir='ltr'><strong>lingua</strong></span> <span class='ocrx_word' id='word_1_3' title='bbox 675 550 853 592; x_wconf 85' lang='lat' dir='ltr'><strong>numeris</strong></span> <span class='ocrx_word' id='word_1_4' title='bbox 895 550 1049 593; x_wconf 87' lang='lat' dir='ltr'><strong>exculta</strong></span> <span class='ocrx_word' id='word_1_5' title='bbox 1089 551 1303 605; x_wconf 90' lang='lat' dir='ltr'><strong>plurimum</strong></span> <span class='ocrx_word' id='word_1_6' title='bbox 1344 552 1498 595; x_wconf 78' lang='lat' dir='ltr'><strong>confert</strong></span> <span class='ocrx_word' id='word_1_7' title='bbox 1534 555 1583 595; x_wconf 85' lang='lat' dir='ltr'><strong>ad</strong></span> <span class='ocrx_word' id='word_1_8' title='bbox 1624 562 1728 595; x_wconf 88' lang='lat' dir='ltr'><strong>artes</strong></span> 
     </span>
     <span class='ocr_line' id='line_1_2' title="bbox 246 620 1730 674; baseline 0.002 -14"><span class='ocrx_word' id='word_1_9' title='bbox 246 620 422 672; x_wconf 86' lang='lat' dir='ltr'><strong>poeticas</strong></span> <span class='ocrx_word' id='word_1_10' title='bbox 452 620 668 671; x_wconf 87' lang='lat' dir='ltr'><strong>iuvandas,</strong></span> <span class='ocrx_word' id='word_1_11' title='bbox 699 632 856 672; x_wconf 90' lang='lat' dir='ltr'><strong>quoque</strong></span> <span class='ocrx_word' id='word_1_12' title='bbox 886 620 1048 672; x_wconf 75' lang='lat' dir='ltr'>politior</span> <span class='ocrx_word' id='word_1_13' title='bbox 1074 627 1159 669; x_wconf 87' lang='lat' dir='ltr'><strong>est,</strong></span> <span class='ocrx_word' id='word_1_14' title='bbox 1189 634 1237 661; x_wconf 86' lang='lat' dir='ltr'><strong>eo</strong></span> <span class='ocrx_word' id='word_1_15' title='bbox 1266 622 1399 662; x_wconf 83' lang='lat' dir='ltr'><strong>minus</strong></span> <span class='ocrx_word' id='word_1_16' title='bbox 1429 630 1633 674; x_wconf 82' lang='lat' dir='ltr'><strong>poetarum</strong></span> <span class='ocrx_word' id='word_1_17' title='bbox 1663 635 1730 663; x_wconf 88' lang='lat' dir='ltr'><strong>co-</strong></span> 
     </span>
     <span class='ocr_line' id='line_1_3' title="bbox 246 687 1729 742; baseline 0.001 -14"><span class='ocrx_word' id='word_1_18' title='bbox 246 695 364 729; x_wconf 90' lang='lat' dir='ltr'><strong>natus</strong></span> <span class='ocrx_word' id='word_1_19' title='bbox 394 687 580 736; x_wconf 82' lang='lat' dir='ltr'><strong>retardat,</strong></span> <span class='ocrx_word' id='word_1_20' title='bbox 611 687 663 729; x_wconf 88' lang='lat' dir='ltr'><strong>ita</strong></span> <span class='ocrx_word' id='word_1_21' title='bbox 695 688 943 740; x_wconf 91' lang='lat' dir='ltr'><strong>praeclarum</strong></span> <span class='ocrx_word' id='word_1_22' title='bbox 974 695 1114 741; x_wconf 85' lang='lat' dir='ltr'><strong>poetae</strong></span> <span class='ocrx_word' id='word_1_23' title='bbox 1145 688 1350 742; x_wconf 85' lang='lat' dir='ltr'><strong>ingenium</strong></span> <span class='ocrx_word' id='word_1_24' title='bbox 1382 690 1488 730; x_wconf 90' lang='lat' dir='ltr'><strong>baud</strong></span> <span class='ocrx_word' id='word_1_25' title='bbox 1520 689 1729 730; x_wconf 87' lang='lat' dir='ltr'><strong>mediocri-</strong></span> 
     </span>
     <span class='ocr_line' id='line_1_4' title="bbox 246 756 1728 810; baseline 0.001 -14"><span class='ocrx_word' id='word_1_26' title='bbox 246 761 309 807; x_wconf 79' lang='lat' dir='ltr'><strong>ter</strong></span> <span class='ocrx_word' id='word_1_27' title='bbox 338 756 439 796; x_wconf 87' lang='lat' dir='ltr'><strong>valet</strong></span> <span class='ocrx_word' id='word_1_28' title='bbox 466 756 512 796; x_wconf 91' lang='lat' dir='ltr'><strong>ad</strong></span> <span class='ocrx_word' id='word_1_29' title='bbox 543 756 719 807; x_wconf 82' lang='lat' dir='ltr'><strong>linguam</strong></span> <span class='ocrx_word' id='word_1_30' title='bbox 752 756 997 796; x_wconf 79' lang='lat' dir='ltr'>formandam</span> <span class='ocrx_word' id='word_1_31' title='bbox 1022 763 1061 797; x_wconf 85' lang='lat' dir='ltr'><strong>et</strong></span> <span class='ocrx_word' id='word_1_32' title='bbox 1081 757 1191 796; x_wconf 88' lang='lat' dir='ltr'><strong>novis</strong></span> <span class='ocrx_word' id='word_1_33' title='bbox 1209 758 1467 798; x_wconf 80' lang='lat' dir='ltr'><strong>incrementis</strong></span> <span class='ocrx_word' id='word_1_34' title='bbox 1491 758 1728 810; x_wconf 83' lang='lat' dir='ltr'><strong>augendam.</strong></span> 
     </span>
     <span class='ocr_line' id='line_1_5' title="bbox 247 825 1729 879; baseline 0.001 -14"><span class='ocrx_word' id='word_1_35' title='bbox 247 826 409 866; x_wconf 85' lang='lat' dir='ltr'>Constat</span> <span class='ocrx_word' id='word_1_36' title='bbox 453 830 584 865; x_wconf 90' lang='lat' dir='ltr'><strong>autem</strong></span> <span class='ocrx_word' id='word_1_37' title='bbox 635 831 804 865; x_wconf 91' lang='lat' dir='ltr'><strong>metrum</strong></span> <span class='ocrx_word' id='word_1_38' title='bbox 853 825 894 865; x_wconf 92' lang='lat' dir='ltr'><strong>in</strong></span> <span class='ocrx_word' id='word_1_39' title='bbox 945 837 1130 866; x_wconf 87' lang='lat' dir='ltr'><strong>sermone</strong></span> <span class='ocrx_word' id='word_1_40' title='bbox 1165 826 1354 866; x_wconf 85' lang='lat' dir='ltr'><strong>mutando</strong></span> <span class='ocrx_word' id='word_1_41' title='bbox 1395 826 1455 866; x_wconf 89' lang='lat' dir='ltr'><strong>vel</strong></span> <span class='ocrx_word' id='word_1_42' title='bbox 1492 825 1729 879; x_wconf 88' lang='lat' dir='ltr'><strong>expoliendo</strong></span> 
     </span>
     <span class='ocr_line' id='line_1_6' title="bbox 247 893 1728 946; baseline -0.001 -12"><span class='ocrx_word' id='word_1_43' title='bbox 247 893 391 934; x_wconf 86' lang='lat' dir='ltr'><strong>summi</strong></span> <span class='ocrx_word' id='word_1_44' title='bbox 443 905 532 933; x_wconf 89' lang='lat' dir='ltr'><strong>esse</strong></span> <span class='ocrx_word' id='word_1_45' title='bbox 581 893 770 932; x_wconf 85' lang='lat' dir='ltr'><strong>momenti</strong></span> <span class='ocrx_word' id='word_1_46' title='bbox 820 893 1053 945; x_wconf 87' lang='lat' dir='ltr'><strong>praesertim</strong></span> <span class='ocrx_word' id='word_1_47' title='bbox 1105 905 1196 934; x_wconf 91' lang='lat' dir='ltr'><strong>cum</strong></span> <span class='ocrx_word' id='word_1_48' title='bbox 1243 894 1483 946; x_wconf 78' lang='lat' dir='ltr'><strong>syllabarum</strong></span> <span class='ocrx_word' id='word_1_49' title='bbox 1522 894 1728 934; x_wconf 84' lang='lat' dir='ltr'><strong>varietates</strong></span> 
     </span>
     <span class='ocr_line' id='line_1_7' title="bbox 246 960 1727 1014; baseline 0.001 -13"><span class='ocrx_word' id='word_1_50' title='bbox 246 961 425 1001; x_wconf 89' lang='lat' dir='ltr'><strong>numeris</strong></span> <span class='ocrx_word' id='word_1_51' title='bbox 466 973 556 1001; x_wconf 87' lang='lat' dir='ltr'><strong>sese</strong></span> <span class='ocrx_word' id='word_1_52' title='bbox 595 960 766 1000; x_wconf 84' lang='lat' dir='ltr'><strong>debeant</strong></span> <span class='ocrx_word' id='word_1_53' title='bbox 803 961 1117 1001; x_wconf 86' lang='lat' dir='ltr'><strong>accommodare.</strong></span> <span class='ocrx_word' id='word_1_54' title='bbox 1176 963 1273 1001; x_wconf 87' lang='lat' dir='ltr'><strong>Nam</strong></span> <span class='ocrx_word' id='word_1_55' title='bbox 1312 963 1384 1002; x_wconf 89' lang='lat' dir='ltr'><strong>etsi</strong></span> <span class='ocrx_word' id='word_1_56' title='bbox 1423 961 1550 1014; x_wconf 90' lang='lat' dir='ltr'><strong>probo</strong></span> <span class='ocrx_word' id='word_1_57' title='bbox 1587 968 1727 1014; x_wconf 86' lang='lat' dir='ltr'><strong>poetae</strong></span> 
     </span>
     <span class='ocr_line' id='line_1_8' title="bbox 244 1028 1728 1082; baseline 0.001 -13"><span class='ocrx_word' id='word_1_58' title='bbox 244 1030 308 1069; x_wconf 76' lang='lat' dir='ltr'><strong>vix</strong></span> <span class='ocrx_word' id='word_1_59' title='bbox 336 1036 506 1070; x_wconf 85' lang='lat' dir='ltr'><strong>metrum</strong></span> <span class='ocrx_word' id='word_1_60' title='bbox 536 1028 662 1075; x_wconf 90' lang='lat' dir='ltr'><strong>obest,</strong></span> <span class='ocrx_word' id='word_1_61' title='bbox 693 1028 891 1069; x_wconf 87' lang='lat' dir='ltr'><strong>interdum</strong></span> <span class='ocrx_word' id='word_1_62' title='bbox 922 1035 1054 1069; x_wconf 91' lang='lat' dir='ltr'><strong>tamen</strong></span> <span class='ocrx_word' id='word_1_63' title='bbox 1085 1034 1300 1070; x_wconf 82' lang='lat' dir='ltr'><strong>metrorum</strong></span> <span class='ocrx_word' id='word_1_64' title='bbox 1331 1030 1558 1071; x_wconf 82' lang='lat' dir='ltr'><strong>necessitati</strong></span> <span class='ocrx_word' id='word_1_65' title='bbox 1587 1029 1728 1082; x_wconf 91' lang='lat' dir='ltr'><strong>paulu-</strong></span> 
     </span>
     <span class='ocr_line' id='line_1_9' title="bbox 245 1096 1730 1148; baseline 0 -11"><span class='ocrx_word' id='word_1_66' title='bbox 245 1096 328 1137; x_wconf 92' lang='lat' dir='ltr'><strong>lum</strong></span> <span class='ocrx_word' id='word_1_67' title='bbox 368 1097 434 1137; x_wconf 90' lang='lat' dir='ltr'><strong>ille</strong></span> <span class='ocrx_word' id='word_1_68' title='bbox 473 1096 678 1144; x_wconf 86' lang='lat' dir='ltr'><strong>concedit,</strong></span> <span class='ocrx_word' id='word_1_69' title='bbox 728 1097 844 1136; x_wconf 83' lang='lat' dir='ltr'><strong>cuius</strong></span> <span class='ocrx_word' id='word_1_70' title='bbox 885 1109 988 1148; x_wconf 91' lang='lat' dir='ltr'><strong>quae</strong></span> <span class='ocrx_word' id='word_1_71' title='bbox 1029 1097 1080 1137; x_wconf 92' lang='lat' dir='ltr'><strong>sit</strong></span> <span class='ocrx_word' id='word_1_72' title='bbox 1110 1097 1167 1136; x_wconf 84' lang='lat' dir='ltr'><strong>vis</strong></span> <span class='ocrx_word' id='word_1_73' title='bbox 1196 1097 1236 1136; x_wconf 90' lang='lat' dir='ltr'><strong>in</strong></span> <span class='ocrx_word' id='word_1_74' title='bbox 1265 1109 1453 1138; x_wconf 83' lang='lat' dir='ltr'><strong>versuum</strong></span> <span class='ocrx_word' id='word_1_75' title='bbox 1483 1098 1659 1138; x_wconf 81' lang='lat' dir='ltr'><strong>artificiis</strong></span> <span class='ocrx_word' id='word_1_76' title='bbox 1690 1105 1730 1137; x_wconf 87' lang='lat' dir='ltr'><strong>et</strong></span> 
     </span>
     <span class='ocr_line' id='line_1_10' title="bbox 244 1163 1726 1217; baseline 0.001 -14"><span class='ocrx_word' id='word_1_77' title='bbox 244 1164 454 1205; x_wconf 87' lang='lat' dir='ltr'><strong>verborum</strong></span> <span class='ocrx_word' id='word_1_78' title='bbox 496 1163 759 1204; x_wconf 85' lang='lat' dir='ltr'><strong>collocatione</strong></span> <span class='ocrx_word' id='word_1_79' title='bbox 811 1164 908 1203; x_wconf 89' lang='lat' dir='ltr'><strong>satis</strong></span> <span class='ocrx_word' id='word_1_80' title='bbox 948 1164 1205 1210; x_wconf 85' lang='lat' dir='ltr'><strong>animadverti</strong></span> <span class='ocrx_word' id='word_1_81' title='bbox 1243 1171 1387 1217; x_wconf 88' lang='lat' dir='ltr'><strong>potest.</strong></span> <span class='ocrx_word' id='word_1_82' title='bbox 1457 1165 1726 1205; x_wconf 88' lang='lat' dir='ltr'><strong>Clarissimum</strong></span> 
     </span>
     <span class='ocr_line' id='line_1_11' title="bbox 244 1231 1724 1285; baseline 0.001 -13"><span class='ocrx_word' id='word_1_83' title='bbox 244 1245 337 1273; x_wconf 86' lang='lat' dir='ltr'><strong>vero</strong></span> <span class='ocrx_word' id='word_1_84' title='bbox 368 1233 651 1274; x_wconf 88' lang='lat' dir='ltr'><strong>documentum</strong></span> <span class='ocrx_word' id='word_1_85' title='bbox 682 1232 875 1284; x_wconf 83' lang='lat' dir='ltr'><strong>praebent</strong></span> <span class='ocrx_word' id='word_1_86' title='bbox 902 1231 1111 1272; x_wconf 88' lang='lat' dir='ltr'><strong>Homeri</strong></span> <span class='ocrx_word' id='word_1_87' title='bbox 1141 1232 1330 1280; x_wconf 82' lang='lat' dir='ltr'><strong>carmina,</strong></span> <span class='ocrx_word' id='word_1_88' title='bbox 1361 1233 1394 1272; x_wconf 90' lang='lat' dir='ltr'><strong>si</strong></span> <span class='ocrx_word' id='word_1_89' title='bbox 1417 1232 1508 1285; x_wconf 89' lang='lat' dir='ltr'><strong>quis</strong></span> <span class='ocrx_word' id='word_1_90' title='bbox 1527 1232 1575 1273; x_wconf 89' lang='lat' dir='ltr'><strong>ad</strong></span> <span class='ocrx_word' id='word_1_91' title='bbox 1599 1245 1724 1273; x_wconf 92' lang='lat' dir='ltr'><strong>unum</strong></span> 
     </span>
     <span class='ocr_line' id='line_1_12' title="bbox 246 1300 1728 1354; baseline -0.001 -13"><span class='ocrx_word' id='word_1_92' title='bbox 246 1301 366 1354; x_wconf 81' lang='lat' dir='ltr'><strong>liujus</strong></span> <span class='ocrx_word' id='word_1_93' title='bbox 396 1301 553 1354; x_wconf 87' lang='lat' dir='ltr'><strong>generis</strong></span> <span class='ocrx_word' id='word_1_94' title='bbox 583 1307 703 1351; x_wconf 91' lang='lat' dir='ltr'><strong>caput</strong></span> <span class='ocrx_word' id='word_1_95' title='bbox 731 1300 936 1340; x_wconf 88' lang='lat' dir='ltr'><strong>attendere</strong></span> <span class='ocrx_word' id='word_1_96' title='bbox 965 1300 1070 1348; x_wconf 88' lang='lat' dir='ltr'><strong>velit,</strong></span> <span class='ocrx_word' id='word_1_97' title='bbox 1103 1301 1209 1352; x_wconf 89' lang='lat' dir='ltr'><strong>quod</strong></span> <span class='ocrx_word' id='word_1_98' title='bbox 1240 1301 1287 1341; x_wconf 91' lang='lat' dir='ltr'><strong>ad</strong></span> <span class='ocrx_word' id='word_1_99' title='bbox 1310 1301 1535 1352; x_wconf 85' lang='lat' dir='ltr'><strong>prosodiam</strong></span> <span class='ocrx_word' id='word_1_100' title='bbox 1557 1301 1728 1353; x_wconf 88' lang='lat' dir='ltr'><strong>pertinet</strong></span> 
     </span>
     <span class='ocr_line' id='line_1_13' title="bbox 245 1369 1725 1422; baseline 0.001 -14"><span class='ocrx_word' id='word_1_101' title='bbox 245 1369 327 1409; x_wconf 85' lang='lat' dir='ltr'><strong>sive</strong></span> <span class='ocrx_word' id='word_1_102' title='bbox 373 1369 635 1410; x_wconf 82' lang='lat' dir='ltr'><strong>creberrimas</strong></span> <span class='ocrx_word' id='word_1_103' title='bbox 675 1369 912 1422; x_wconf 79' lang='lat' dir='ltr'><strong>syllabarum</strong></span> <span class='ocrx_word' id='word_1_104' title='bbox 943 1369 1256 1418; x_wconf 88' lang='lat' dir='ltr'><strong>contractiones,</strong></span> <span class='ocrx_word' id='word_1_105' title='bbox 1306 1369 1508 1421; x_wconf 89' lang='lat' dir='ltr'><strong>synizeses</strong></span> <span class='ocrx_word' id='word_1_106' title='bbox 1547 1369 1725 1421; x_wconf 90' lang='lat' dir='ltr'><strong>aliasque</strong></span> 
     </span>
     <span class='ocr_line' id='line_1_14' title="bbox 244 1437 1725 1490; baseline -0.001 -13"><span class='ocrx_word' id='word_1_107' title='bbox 244 1437 510 1486; x_wconf 85' lang='lat' dir='ltr'><strong>mutationes,</strong></span> <span class='ocrx_word' id='word_1_108' title='bbox 561 1449 728 1490; x_wconf 90' lang='lat' dir='ltr'><strong>quarum</strong></span> <span class='ocrx_word' id='word_1_109' title='bbox 772 1450 848 1478; x_wconf 93' lang='lat' dir='ltr'><strong>usu</strong></span> <span class='ocrx_word' id='word_1_110' title='bbox 880 1437 1078 1476; x_wconf 88' lang='lat' dir='ltr'><strong>Homerus</strong></span> <span class='ocrx_word' id='word_1_111' title='bbox 1115 1450 1136 1476; x_wconf 93' lang='lat' dir='ltr'><strong>a</strong></span> <span class='ocrx_word' id='word_1_112' title='bbox 1167 1437 1295 1488; x_wconf 89' lang='lat' dir='ltr'><strong>poetis</strong></span> <span class='ocrx_word' id='word_1_113' title='bbox 1326 1438 1464 1478; x_wconf 87' lang='lat' dir='ltr'><strong>aetatis</strong></span> <span class='ocrx_word' id='word_1_114' title='bbox 1494 1437 1725 1489; x_wconf 81' lang='lat' dir='ltr'><strong>posterioris</strong></span> 
     </span>
     <span class='ocr_line' id='line_1_15' title="bbox 242 1505 1726 1556; baseline 0 -12"><span class='ocrx_word' id='word_1_115' title='bbox 242 1505 497 1545; x_wconf 85' lang='lat' dir='ltr'><strong>vehementer</strong></span> <span class='ocrx_word' id='word_1_116' title='bbox 535 1506 694 1545; x_wconf 85' lang='lat' dir='ltr'><strong>recedit.</strong></span> <span class='ocrx_word' id='word_1_117' title='bbox 753 1505 997 1546; x_wconf 87' lang='lat' dir='ltr'><strong>Peculiarem</strong></span> <span class='ocrx_word' id='word_1_118' title='bbox 1039 1505 1201 1556; x_wconf 90' lang='lat' dir='ltr'><strong>quidem</strong></span> <span class='ocrx_word' id='word_1_119' title='bbox 1239 1505 1346 1545; x_wconf 90' lang='lat' dir='ltr'><strong>illius</strong></span> <span class='ocrx_word' id='word_1_120' title='bbox 1376 1505 1577 1545; x_wconf 88' lang='lat' dir='ltr'><strong>licentiam</strong></span> <span class='ocrx_word' id='word_1_121' title='bbox 1609 1517 1726 1544; x_wconf 89' lang='lat' dir='ltr'><strong>nemo</strong></span> 
     </span>
     <span class='ocr_line' id='line_1_16' title="bbox 243 1572 1726 1625; baseline 0 -13"><span class='ocrx_word' id='word_1_122' title='bbox 243 1573 392 1621; x_wconf 87' lang='lat' dir='ltr'><strong>nescit,</strong></span> <span class='ocrx_word' id='word_1_123' title='bbox 424 1585 501 1625; x_wconf 90' lang='lat' dir='ltr'><strong>qua</strong></span> <span class='ocrx_word' id='word_1_124' title='bbox 531 1573 669 1612; x_wconf 88' lang='lat' dir='ltr'><strong>breves</strong></span> <span class='ocrx_word' id='word_1_125' title='bbox 699 1573 869 1624; x_wconf 80' lang='lat' dir='ltr'><strong>syllabas</strong></span> <span class='ocrx_word' id='word_1_126' title='bbox 898 1572 1120 1623; x_wconf 90' lang='lat' dir='ltr'><strong>producere</strong></span> <span class='ocrx_word' id='word_1_127' title='bbox 1149 1572 1262 1621; x_wconf 86' lang='lat' dir='ltr'><strong>solet,</strong></span> <span class='ocrx_word' id='word_1_128' title='bbox 1294 1585 1383 1612; x_wconf 91' lang='lat' dir='ltr'><strong>cum</strong></span> <span class='ocrx_word' id='word_1_129' title='bbox 1402 1572 1521 1624; x_wconf 66' lang='lat' dir='ltr'><strong>,apud</strong></span> <span class='ocrx_word' id='word_1_130' title='bbox 1550 1572 1726 1624; x_wconf 87' lang='lat' dir='ltr'><strong>reliquos</strong></span> 
     </span>
     <span class='ocr_line' id='line_1_17' title="bbox 242 1634 1727 1692; baseline 0 -12"><span class='ocrx_word' id='word_1_131' title='bbox 242 1634 377 1692; x_wconf 85' lang='lat' dir='ltr'><strong>epicos</strong></span> <span class='ocrx_word' id='word_1_132' title='bbox 409 1641 535 1681; x_wconf 90' lang='lat' dir='ltr'><strong>rarior</strong></span> <span class='ocrx_word' id='word_1_133' title='bbox 563 1647 667 1681; x_wconf 81' lang='lat' dir='ltr'><strong>extet</strong></span> <span class='ocrx_word' id='word_1_134' title='bbox 694 1641 770 1680; x_wconf 90' lang='lat' dir='ltr'><strong>ista</strong></span> <span class='ocrx_word' id='word_1_135' title='bbox 800 1639 984 1692; x_wconf 87' lang='lat' dir='ltr'><strong>prosodia</strong></span> <span class='ocrx_word' id='word_1_136' title='bbox 1016 1651 1090 1678; x_wconf 86' lang='lat' dir='ltr'><strong>nec</strong></span> <span class='ocrx_word' id='word_1_137' title='bbox 1118 1639 1197 1678; x_wconf 86' lang='lat' dir='ltr'><strong>nisi</strong></span> <span class='ocrx_word' id='word_1_138' title='bbox 1228 1640 1348 1679; x_wconf 87' lang='lat' dir='ltr'><strong>certis</strong></span> <span class='ocrx_word' id='word_1_139' title='bbox 1377 1639 1534 1692; x_wconf 86' lang='lat' dir='ltr'><strong>legibus</strong></span> <span class='ocrx_word' id='word_1_140' title='bbox 1565 1646 1605 1679; x_wconf 91' lang='lat' dir='ltr'><strong>et</strong></span> <span class='ocrx_word' id='word_1_141' title='bbox 1632 1651 1727 1680; x_wconf 85' lang='lat' dir='ltr'><strong>cau-</strong></span> 
     </span>
     <span class='ocr_line' id='line_1_18' title="bbox 242 1706 1727 1759; baseline -0.001 -11"><span class='ocrx_word' id='word_1_142' title='bbox 242 1708 420 1748; x_wconf 86' lang='lat' dir='ltr'><strong>tionibus</strong></span> <span class='ocrx_word' id='word_1_143' title='bbox 461 1720 666 1748; x_wconf 86' lang='lat' dir='ltr'><strong>concessa.</strong></span> <span class='ocrx_word' id='word_1_144' title='bbox 736 1708 841 1748; x_wconf 91' lang='lat' dir='ltr'><strong>Sane</strong></span> <span class='ocrx_word' id='word_1_145' title='bbox 880 1707 950 1746; x_wconf 87' lang='lat' dir='ltr'><strong>viri</strong></span> <span class='ocrx_word' id='word_1_146' title='bbox 990 1706 1148 1758; x_wconf 88' lang='lat' dir='ltr'><strong>quidam</strong></span> <span class='ocrx_word' id='word_1_147' title='bbox 1188 1707 1291 1746; x_wconf 88' lang='lat' dir='ltr'><strong>docti</strong></span> <span class='ocrx_word' id='word_1_148' title='bbox 1333 1707 1409 1747; x_wconf 89' lang='lat' dir='ltr'><strong>sibi</strong></span> <span class='ocrx_word' id='word_1_149' title='bbox 1440 1715 1727 1759; x_wconf 86' lang='lat' dir='ltr'><strong>persuaserunt</strong></span> 
     </span>
     <span class='ocr_line' id='line_1_19' title="bbox 243 1774 1724 1827; baseline -0.001 -12"><span class='ocrx_word' id='word_1_150' title='bbox 243 1787 334 1815; x_wconf 88' lang='lat' dir='ltr'><strong>eum</strong></span> <span class='ocrx_word' id='word_1_151' title='bbox 366 1788 483 1815; x_wconf 92' lang='lat' dir='ltr'><strong>usum</strong></span> <span class='ocrx_word' id='word_1_152' title='bbox 513 1775 561 1814; x_wconf 89' lang='lat' dir='ltr'><strong>ab</strong></span> <span class='ocrx_word' id='word_1_153' title='bbox 594 1775 743 1814; x_wconf 87' lang='lat' dir='ltr'><strong>heroici</strong></span> <span class='ocrx_word' id='word_1_154' title='bbox 774 1788 912 1816; x_wconf 88' lang='lat' dir='ltr'><strong>versus</strong></span> <span class='ocrx_word' id='word_1_155' title='bbox 942 1776 1185 1827; x_wconf 88' lang='lat' dir='ltr'><strong>proprietate</strong></span> <span class='ocrx_word' id='word_1_156' title='bbox 1216 1775 1296 1814; x_wconf 89' lang='lat' dir='ltr'><strong>sive</strong></span> <span class='ocrx_word' id='word_1_157' title='bbox 1317 1774 1430 1815; x_wconf 90' lang='lat' dir='ltr'><strong>metri</strong></span> <span class='ocrx_word' id='word_1_158' title='bbox 1453 1774 1724 1815; x_wconf 86' lang='lat' dir='ltr'><strong>dominatione</strong></span> 
     </span>
     <span class='ocr_line' id='line_1_20' title="bbox 244 1841 1723 1897; baseline -0.002 -14"><span class='ocrx_word' id='word_1_159' title='bbox 244 1843 503 1897; x_wconf 86' lang='lat' dir='ltr'><strong>repetendum</strong></span> <span class='ocrx_word' id='word_1_160' title='bbox 533 1854 643 1891; x_wconf 87' lang='lat' dir='ltr'><strong>esse,</strong></span> <span class='ocrx_word' id='word_1_161' title='bbox 687 1843 751 1883; x_wconf 88' lang='lat' dir='ltr'><strong>cui</strong></span> <span class='ocrx_word' id='word_1_162' title='bbox 781 1843 916 1895; x_wconf 85' lang='lat' dir='ltr'><strong>lingua</strong></span> <span class='ocrx_word' id='word_1_163' title='bbox 946 1843 1093 1882; x_wconf 88' lang='lat' dir='ltr'><strong>Graeca</strong></span> <span class='ocrx_word' id='word_1_164' title='bbox 1126 1842 1245 1881; x_wconf 84' lang='lat' dir='ltr'><strong>fuerit</strong></span> <span class='ocrx_word' id='word_1_165' title='bbox 1273 1841 1466 1891; x_wconf 81' lang='lat' dir='ltr'><strong>obnoxia3</strong></span> <span class='ocrx_word' id='word_1_166' title='bbox 1499 1842 1561 1881; x_wconf 90' lang='lat' dir='ltr'><strong>his</strong></span> <span class='ocrx_word' id='word_1_167' title='bbox 1593 1848 1723 1881; x_wconf 86' lang='lat' dir='ltr'><strong>tamen</strong></span> 
     </span>
     <span class='ocr_line' id='line_1_21' title="bbox 244 1910 1724 1964; baseline 0 -14"><span class='ocrx_word' id='word_1_168' title='bbox 244 1911 407 1950; x_wconf 91' lang='lat' dir='ltr'><strong>omnino</strong></span> <span class='ocrx_word' id='word_1_169' title='bbox 449 1911 755 1962; x_wconf 88' lang='lat' dir='ltr'><strong>repugnandum</strong></span> <span class='ocrx_word' id='word_1_170' title='bbox 786 1913 953 1964; x_wconf 91' lang='lat' dir='ltr'><strong>opinor,</strong></span> <span class='ocrx_word' id='word_1_171' title='bbox 1004 1912 1108 1950; x_wconf 85' lang='lat' dir='ltr'><strong>viros</strong></span> <span class='ocrx_word' id='word_1_172' title='bbox 1139 1910 1391 1950; x_wconf 88' lang='lat' dir='ltr'><strong>doctissimos</strong></span> <span class='ocrx_word' id='word_1_173' title='bbox 1421 1917 1606 1962; x_wconf 85' lang='lat' dir='ltr'><strong>secutus,</strong></span> <span class='ocrx_word' id='word_1_174' title='bbox 1655 1910 1724 1963; x_wconf 90' lang='lat' dir='ltr'><strong>qui</strong></span> 
     </span>
     <span class='ocr_line' id='line_1_22' title="bbox 243 1978 1724 2030; baseline 0 -13"><span class='ocrx_word' id='word_1_175' title='bbox 243 1978 438 2030; x_wconf 89' lang='lat' dir='ltr'><strong>imprimis</strong></span> <span class='ocrx_word' id='word_1_176' title='bbox 477 1978 573 2017; x_wconf 90' lang='lat' dir='ltr'><strong>inde</strong></span> <span class='ocrx_word' id='word_1_177' title='bbox 613 1978 661 2018; x_wconf 87' lang='lat' dir='ltr'><strong>ab</strong></span> <span class='ocrx_word' id='word_1_178' title='bbox 694 1979 910 2020; x_wconf 83' lang='lat' dir='ltr'><strong>Hermanni</strong></span> <span class='ocrx_word' id='word_1_179' title='bbox 952 1985 1078 2019; x_wconf 85' lang='lat' dir='ltr'><strong>aetate</strong></span> <span class='ocrx_word' id='word_1_180' title='bbox 1121 1978 1340 2018; x_wconf 89' lang='lat' dir='ltr'><strong>rectissime</strong></span> <span class='ocrx_word' id='word_1_181' title='bbox 1377 1978 1578 2018; x_wconf 79' lang='lat' dir='ltr'><strong>licentiam</strong></span> <span class='ocrx_word' id='word_1_182' title='bbox 1608 1978 1724 2018; x_wconf 87' lang='lat' dir='ltr'><strong>talem</strong></span> 
     </span>
     <span class='ocr_line' id='line_1_23' title="bbox 243 2046 1727 2098; baseline 0 -12"><span class='ocrx_word' id='word_1_183' title='bbox 243 2046 491 2095; x_wconf 79' lang='lat' dir='ltr'><strong>refutabant,</strong></span> <span class='ocrx_word' id='word_1_184' title='bbox 533 2058 610 2095; x_wconf 90' lang='lat' dir='ltr'><strong>qua</strong></span> <span class='ocrx_word' id='word_1_185' title='bbox 640 2047 838 2087; x_wconf 88' lang='lat' dir='ltr'><strong>Homerus</strong></span> <span class='ocrx_word' id='word_1_186' title='bbox 869 2047 917 2087; x_wconf 89' lang='lat' dir='ltr'><strong>ad</strong></span> <span class='ocrx_word' id='word_1_187' title='bbox 949 2047 1156 2087; x_wconf 87' lang='lat' dir='ltr'><strong>arbitrium</strong></span> <span class='ocrx_word' id='word_1_188' title='bbox 1188 2046 1245 2086; x_wconf 91' lang='lat' dir='ltr'><strong>vel</strong></span> <span class='ocrx_word' id='word_1_189' title='bbox 1277 2054 1320 2086; x_wconf 93' lang='lat' dir='ltr'><strong>ut</strong></span> <span class='ocrx_word' id='word_1_190' title='bbox 1350 2052 1501 2085; x_wconf 87' lang='lat' dir='ltr'><strong>veteres</strong></span> <span class='ocrx_word' id='word_1_191' title='bbox 1531 2053 1727 2098; x_wconf 81' lang='lat' dir='ltr'><strong>gramma-</strong></span> 
     </span>
     <span class='ocr_line' id='line_1_24' title="bbox 241 2113 1725 2168; baseline 0 -16"><span class='ocrx_word' id='word_1_192' title='bbox 241 2113 308 2152; x_wconf 90' lang='lat' dir='ltr'><strong>tici</strong></span> <span class='ocrx_word' id='word_1_193' title='bbox 348 2114 480 2153; x_wconf 90' lang='lat' dir='ltr'><strong>dicere</strong></span> <span class='ocrx_word' id='word_1_194' title='bbox 520 2114 651 2154; x_wconf 90' lang='lat' dir='ltr'><strong>solent</strong></span> <span class='ocrx_word' id='word_1_195' title='bbox 691 2113 759 2154; x_wconf 80' lang='grc' dir='ltr'><strong>διὰ</strong></span> <span class='ocrx_word' id='word_1_196' title='bbox 786 2113 940 2168; x_wconf 81' lang='grc' dir='ltr'><em>μέτρου</em></span> <span class='ocrx_word' id='word_1_197' title='bbox 968 2113 1213 2167; x_wconf 73' lang='grc' dir='ltr'><strong><em>εὐχρηστίαν</em></strong></span> <span class='ocrx_word' id='word_1_198' title='bbox 1245 2114 1430 2153; x_wconf 86' lang='lat' dir='ltr'><strong>brevibus</strong></span> <span class='ocrx_word' id='word_1_199' title='bbox 1461 2113 1624 2165; x_wconf 80' lang='lat' dir='ltr'><strong>syllabis</strong></span> <span class='ocrx_word' id='word_1_200' title='bbox 1653 2126 1725 2165; x_wconf 91' lang='lat' dir='ltr'><strong>pro</strong></span> 
     </span>
     <span class='ocr_line' id='line_1_25' title="bbox 238 2179 676 2233; baseline 0.005 -13"><span class='ocrx_word' id='word_1_201' title='bbox 238 2179 373 2233; x_wconf 35' lang='lat' dir='ltr'><strong>&gt;longi-s</strong></span> <span class='ocrx_word' id='word_1_202' title='bbox 403 2180 457 2220; x_wconf 91' lang='lat' dir='ltr'><strong>uti</strong></span> <span class='ocrx_word' id='word_1_203' title='bbox 489 2181 676 2233; x_wconf 87' lang='lat' dir='ltr'><strong>potuerit.</strong></span> 
     </span>
    </p>

    <p class='ocr_par' dir='ltr' id='par_1_2' title="bbox 239 2248 1727 2706">
     <span class='ocr_line' id='line_1_26' title="bbox 381 2248 1724 2301; baseline 0.001 -14"><span class='ocrx_word' id='word_1_204' title='bbox 381 2248 537 2288; x_wconf 89' lang='lat' dir='ltr'><strong>Primus</strong></span> <span class='ocrx_word' id='word_1_205' title='bbox 566 2250 687 2301; x_wconf 86' lang='lat' dir='ltr'><strong>igitur</strong></span> <span class='ocrx_word' id='word_1_206' title='bbox 716 2250 785 2301; x_wconf 92' lang='lat' dir='ltr'><strong>qui</strong></span> <span class='ocrx_word' id='word_1_207' title='bbox 815 2250 891 2289; x_wconf 90' lang='lat' dir='ltr'><strong>hoc</strong></span> <span class='ocrx_word' id='word_1_208' title='bbox 920 2249 1078 2288; x_wconf 88' lang='lat' dir='ltr'><strong>licentia</strong></span> <span class='ocrx_word' id='word_1_209' title='bbox 1111 2249 1279 2299; x_wconf 91' lang='lat' dir='ltr'><strong>quadam</strong></span> <span class='ocrx_word' id='word_1_210' title='bbox 1311 2248 1360 2288; x_wconf 90' lang='lat' dir='ltr'><strong>ab</strong></span> <span class='ocrx_word' id='word_1_211' title='bbox 1380 2248 1553 2288; x_wconf 89' lang='lat' dir='ltr'><strong>Homero</strong></span> <span class='ocrx_word' id='word_1_212' title='bbox 1576 2249 1724 2288; x_wconf 80' lang='lat' dir='ltr'><strong>factum</strong></span> 
     </span>
     <span class='ocr_line' id='line_1_27' title="bbox 241 2315 1726 2369; baseline -0.001 -14"><span class='ocrx_word' id='word_1_213' title='bbox 241 2315 359 2368; x_wconf 88' lang='lat' dir='ltr'><strong>plane</strong></span> <span class='ocrx_word' id='word_1_214' title='bbox 399 2317 552 2369; x_wconf 87' lang='lat' dir='ltr'><strong>negavit</strong></span> <span class='ocrx_word' id='word_1_215' title='bbox 592 2316 919 2357; x_wconf 81' lang='lat' dir='ltr'><strong>Godol&#39;redus</strong></span> <span class='ocrx_word' id='word_1_216' title='bbox 961 2316 1300 2362; x_wconf 89' lang='lat' dir='ltr'><strong>Hermannus‚</strong></span> <span class='ocrx_word' id='word_1_217' title='bbox 1349 2315 1547 2354; x_wconf 89' lang='lat' dir='ltr'><strong>subtiliter</strong></span> <span class='ocrx_word' id='word_1_218' title='bbox 1584 2327 1726 2354; x_wconf 88' lang='lat' dir='ltr'><strong>causas</strong></span> 
     </span>
     <span class='ocr_line' id='line_1_28' title="bbox 240 2383 1726 2437; baseline 0.001 -15"><span class='ocrx_word' id='word_1_219' title='bbox 240 2384 362 2422; x_wconf 91' lang='lat' dir='ltr'><strong>totius</strong></span> <span class='ocrx_word' id='word_1_220' title='bbox 393 2386 637 2435; x_wconf 82' lang='lat' dir='ltr'><strong>quaestionis</strong></span> <span class='ocrx_word' id='word_1_221' title='bbox 668 2385 874 2437; x_wconf 84' lang='lat' dir='ltr'><strong>explicavit</strong></span> <span class='ocrx_word' id='word_1_222' title='bbox 904 2387 945 2424; x_wconf 89' lang='lat' dir='ltr'><strong>in</strong></span> <span class='ocrx_word' id='word_1_223' title='bbox 977 2384 1088 2423; x_wconf 90' lang='lat' dir='ltr'><strong>libris</strong></span> <span class='ocrx_word' id='word_1_224' title='bbox 1120 2384 1168 2423; x_wconf 92' lang='lat' dir='ltr'><strong>de</strong></span> <span class='ocrx_word' id='word_1_225' title='bbox 1199 2384 1336 2423; x_wconf 85' lang='lat' dir='ltr'><strong>metris</strong></span> <span class='ocrx_word' id='word_1_226' title='bbox 1365 2390 1572 2434; x_wconf 90' lang='lat' dir='ltr'><strong>poetarum</strong></span> <span class='ocrx_word' id='word_1_227' title='bbox 1605 2383 1726 2423; x_wconf 84' lang='lat' dir='ltr'><strong>Grae-</strong></span> 
     </span>
     <span class='ocr_line' id='line_1_29' title="bbox 240 2450 1724 2493; baseline 0.001 -3"><span class='ocrx_word' id='word_1_228' title='bbox 240 2462 379 2490; x_wconf 86' lang='lat' dir='ltr'><strong>corum</strong></span> <span class='ocrx_word' id='word_1_229' title='bbox 426 2457 465 2491; x_wconf 90' lang='lat' dir='ltr'><strong>et</strong></span> <span class='ocrx_word' id='word_1_230' title='bbox 509 2452 777 2493; x_wconf 89' lang='lat' dir='ltr'><strong>Romanorum</strong></span> <span class='ocrx_word' id='word_1_231' title='bbox 828 2459 868 2493; x_wconf 90' lang='lat' dir='ltr'><strong>et</strong></span> <span class='ocrx_word' id='word_1_232' title='bbox 920 2453 961 2492; x_wconf 89' lang='lat' dir='ltr'><strong>in</strong></span> <span class='ocrx_word' id='word_1_233' title='bbox 1010 2450 1227 2491; x_wconf 87' lang='lat' dir='ltr'><strong>Elementis</strong></span> <span class='ocrx_word' id='word_1_234' title='bbox 1275 2451 1477 2490; x_wconf 87' lang='lat' dir='ltr'><strong>doctrinae</strong></span> <span class='ocrx_word' id='word_1_235' title='bbox 1527 2450 1724 2492; x_wconf 88' lang='lat' dir='ltr'><strong>metricae.</strong></span> 
     </span>
     <span class='ocr_line' id='line_1_30' title="bbox 240 2518 1726 2573; baseline 0.001 -16"><span class='ocrx_word' id='word_1_236' title='bbox 240 2518 482 2570; x_wconf 82' lang='lat' dir='ltr'><strong>Praecipuas</strong></span> <span class='ocrx_word' id='word_1_237' title='bbox 510 2520 577 2560; x_wconf 85' lang='lat' dir='ltr'><strong>ille</strong></span> <span class='ocrx_word' id='word_1_238' title='bbox 608 2533 747 2560; x_wconf 90' lang='lat' dir='ltr'><strong>causas</strong></span> <span class='ocrx_word' id='word_1_239' title='bbox 778 2522 936 2573; x_wconf 86' lang='lat' dir='ltr'><strong>agnovit</strong></span> <span class='ocrx_word' id='word_1_240' title='bbox 966 2521 1137 2572; x_wconf 87' lang='lat' dir='ltr'><strong>primum</strong></span> <span class='ocrx_word' id='word_1_241' title='bbox 1171 2519 1245 2557; x_wconf 91' lang='lat' dir='ltr'><strong>vim</strong></span> <span class='ocrx_word' id='word_1_242' title='bbox 1274 2519 1396 2567; x_wconf 85' lang='lat' dir='ltr'><strong>arsis,</strong></span> <span class='ocrx_word' id='word_1_243' title='bbox 1439 2518 1583 2558; x_wconf 89' lang='lat' dir='ltr'><strong>deinde</strong></span> <span class='ocrx_word' id='word_1_244' title='bbox 1614 2531 1726 2558; x_wconf 88' lang='lat' dir='ltr'><strong>men-</strong></span> 
     </span>
     <span class='ocr_line' id='line_1_31' title="bbox 240 2585 1725 2640; baseline -0.001 -14"><span class='ocrx_word' id='word_1_245' title='bbox 240 2598 374 2626; x_wconf 87' lang='lat' dir='ltr'><strong>suram</strong></span> <span class='ocrx_word' id='word_1_246' title='bbox 415 2588 629 2640; x_wconf 84' lang='lat' dir='ltr'><strong>ancipitem</strong></span> <span class='ocrx_word' id='word_1_247' title='bbox 669 2589 710 2629; x_wconf 90' lang='lat' dir='ltr'><strong>in</strong></span> <span class='ocrx_word' id='word_1_248' title='bbox 748 2589 902 2629; x_wconf 90' lang='lat' dir='ltr'><strong>ordinis</strong></span> <span class='ocrx_word' id='word_1_249' title='bbox 940 2588 1074 2639; x_wconf 85' lang='lat' dir='ltr'><strong>exitu,</strong></span> <span class='ocrx_word' id='word_1_250' title='bbox 1121 2592 1322 2639; x_wconf 83' lang='lat' dir='ltr'><strong>postremo</strong></span> <span class='ocrx_word' id='word_1_251' title='bbox 1363 2585 1488 2626; x_wconf 90' lang='lat' dir='ltr'><strong>robur</strong></span> <span class='ocrx_word' id='word_1_252' title='bbox 1522 2592 1725 2626; x_wconf 88' lang='lat' dir='ltr'><strong>accentus.</strong></span> 
     </span>
     <span class='ocr_line' id='line_1_32' title="bbox 239 2654 1727 2706; baseline 0.001 -13"><span class='ocrx_word' id='word_1_253' title='bbox 239 2654 316 2694; x_wconf 92' lang='lat' dir='ltr'><strong>Sed</strong></span> <span class='ocrx_word' id='word_1_254' title='bbox 347 2654 424 2693; x_wconf 85' lang='lat' dir='ltr'><strong>arsi</strong></span> <span class='ocrx_word' id='word_1_255' title='bbox 458 2655 598 2696; x_wconf 83' lang='lat' dir='ltr'><strong>vereor</strong></span> <span class='ocrx_word' id='word_1_256' title='bbox 621 2662 663 2697; x_wconf 88' lang='lat' dir='ltr'><strong>ut</strong></span> <span class='ocrx_word' id='word_1_257' title='bbox 690 2657 778 2696; x_wconf 90' lang='lat' dir='ltr'><strong>iure</strong></span> <span class='ocrx_word' id='word_1_258' title='bbox 808 2663 956 2696; x_wconf 79' lang='lat' dir='ltr'><strong>tantam</strong></span> <span class='ocrx_word' id='word_1_259' title='bbox 989 2656 1064 2694; x_wconf 89' lang='lat' dir='ltr'><strong>vim</strong></span> <span class='ocrx_word' id='word_1_260' title='bbox 1095 2655 1359 2694; x_wconf 86' lang='lat' dir='ltr'><strong>concesserit:</strong></span> <span class='ocrx_word' id='word_1_261' title='bbox 1391 2667 1482 2694; x_wconf 90' lang='lat' dir='ltr'><strong>nam</strong></span> <span class='ocrx_word' id='word_1_262' title='bbox 1515 2656 1588 2695; x_wconf 85' lang='lat' dir='ltr'><strong>etsi</strong></span> <span class='ocrx_word' id='word_1_263' title='bbox 1619 2667 1727 2706; x_wconf 87' lang='lat' dir='ltr'><strong>mag-</strong></span> 
     </span>
    </p>
   </div>
   <div class='ocr_carea' id='block_1_2' title="bbox 239 2721 1725 2832">
    <p class='ocr_par' dir='ltr' id='par_1_3' title="bbox 239 2721 1725 2832">
     <span class='ocr_line' id='line_1_33' title="bbox 239 2721 1725 2777; baseline 0 -15"><span class='ocrx_word' id='word_1_264' title='bbox 239 2734 335 2763; x_wconf 89' lang='lat' dir='ltr'><strong>num</strong></span> <span class='ocrx_word' id='word_1_265' title='bbox 364 2722 503 2764; x_wconf 86' lang='lat' dir='ltr'><strong>afferat</strong></span> <span class='ocrx_word' id='word_1_266' title='bbox 531 2730 776 2764; x_wconf 89' lang='lat' dir='ltr'><strong>momentum</strong></span> <span class='ocrx_word' id='word_1_267' title='bbox 800 2725 922 2777; x_wconf 87' lang='lat' dir='ltr'><strong>idque</strong></span> <span class='ocrx_word' id='word_1_268' title='bbox 943 2723 1048 2764; x_wconf 83' lang='lat' dir='ltr'><strong>haud</strong></span> <span class='ocrx_word' id='word_1_269' title='bbox 1070 2735 1158 2763; x_wconf 89' lang='lat' dir='ltr'><strong>raro</strong></span> <span class='ocrx_word' id='word_1_270' title='bbox 1179 2722 1454 2774; x_wconf 86' lang='lat' dir='ltr'><strong>gravissimum</strong></span> <span class='ocrx_word' id='word_1_271' title='bbox 1481 2722 1528 2762; x_wconf 90' lang='lat' dir='ltr'><strong>ad</strong></span> <span class='ocrx_word' id='word_1_272' title='bbox 1552 2721 1725 2774; x_wconf 79' lang='lat' dir='ltr'><strong>syllabas</strong></span> 
     </span>
     <span class='ocr_line' id='line_1_34' title="bbox 1431 2790 1454 2832; baseline 0 0"><span class='ocrx_word' id='word_1_273' title='bbox 1431 2790 1454 2832; x_wconf 91' lang='lat'>1</span> 
     </span>
    </p>
   </div>
  </div>
 </body>
</html>
