1878 3190
784 201 1068 246 ..13-

183 320 453 373 exemplorum
484 321 596 373 copia
627 320 704 360 hoc
735 320 1008 370 confirmatur,
1037 329 1138 370 quae
1169 318 1209 358 in
1244 316 1366 357 Iliade
1389 322 1556 364 exstant,
1587 327 1668 355 non

186 386 348 440 quidem
381 387 501 441 huJ‘us
530 387 837 441 productionum
871 385 1043 439 generis,
1075 385 1124 425 de
1156 397 1235 438 quo
1261 384 1342 437 jam
1366 396 1454 436 ago,
1477 384 1546 423 sed
1566 383 1669 435 ejus,

186 456 292 507 quod
329 456 445 498 tertio
476 456 564 496 loco
600 455 848 495 tractandum
881 454 1095 506 proposui,
1146 453 1212 493 ubi
1243 453 1390 505 syllaba
1421 452 1554 492 finalis
1583 464 1674 503 pro·

186 523 369 573 ducitur3
420 524 461 563 in
503 524 579 563 hoc
609 523 723 563 tertio
752 534 843 562 vero
872 533 1019 574 genere
1050 520 1174 560 multo
1203 521 1372 560 maxima
1404 532 1498 572 pars
1528 519 1674 571 produ-

187 592 362 630 ctionum
396 597 486 631 ante
515 603 632 630 voces
664 603 684 630 a
715 590 879 642 liquidis
906 588 1113 629 inchoatas
1141 589 1280 628 evenit.
1336 588 1412 628 Sed
1439 600 1590 635 vereor,
1622 599 1672 626 ne

184 658 232 698 ad
265 658 437 710 primum
469 669 632 711 quoque
663 669 790 709 genus
822 657 921 696 haec
952 667 1071 696 causa
1103 656 1302 695 afferenda
1335 656 1387 695 sit
1415 662 1455 695 et
1478 667 1673 706 gramma-

185 725 275 765 ticis
314 732 467 766 tantum
508 725 736 766 auctoribus
776 726 843 765 hic
882 737 1042 776 semper
1072 736 1251 764 consona
1282 736 1325 763 re
1356 736 1444 763 vera
1474 723 1672 774 geminata

186 800 334 841 exstet,
386 795 418 834 si
461 794 771 835 additamentum
813 793 971 846 aliquod
1012 792 1125 833 initio
1167 792 1273 833 vocis
1313 791 1496 845 adjicitur
1535 797 1603 832 aut
1632 791 1673 830 in

186 863 473 914 compositione
487 864 610 903 autin
630 862 810 902 flexione.
843 861 941 901 Nam
955 861 1467 913 transcriptis'carminibus
1481 860 1671 901 usitatum

185 930 418 976 remedium,
436 943 514 982 quo
527 930 696 982 probare
709 930 950 970 studuerunt
964 929 1263 982 productiones,
1276 934 1343 968 aut
1354 928 1566 980 geminatio
1578 939 1673 967 con-

184 1010 306 1037 sonae
335 998 619 1049 subsequentis
650 1004 717 1037 aut
746 998 974 1037 substitutio
1003 998 1144 1048 longae
1173 996 1319 1036 vocalis
1351 996 1409 1036 vel
1437 995 1671 1047 diphthongi

186 1066 436 1119 propinquae
468 1072 564 1105 erat.
622 1065 800 1118 Singulis
822 1065 1012 1118 exemplis
1034 1064 1282 1117 perlustratis
1303 1064 1380 1104 hoc
1400 1064 1564 1117 planum
1587 1063 1672 1104 erit.

187 1134 387 1187 imprimis
416 1134 496 1174 huc
526 1135 673 1174 formae
704 1134 915 1175 verborum
948 1134 1160 1186 pertinent,
1192 1145 1294 1185 quae
1317 1140 1528 1185 augmento
1552 1138 1674 1172 utun·—

183 1209 270 1253 tur3
302 1203 376 1242 hae
406 1202 511 1242 enim
544 1203 648 1254 apud
669 1202 889 1243 Homerum
913 1214 1074 1254 semper
1092 1202 1174 1241 sere
1196 1214 1283 1241 cum
1305 1202 1501 1253 geminata
1523 1201 1671 1253 liquida

185 1277 361 1319 exstant,
411 1269 518 1310 velut
556 1267 725 1322 ἔλλαβε,
777 1267 932 1319 ἔλλιπε,
981 1269 1056 1310 alia
1095 1269 1133 1309 id
1173 1281 1316 1322 genus.
1375 1269 1420 1310 ln
1452 1269 1672 1322 posteriore

185 1351 345 1392 quoque
376 1338 510 1390 lingua
545 1338 641 1377 tales
671 1339 818 1378 formae
849 1339 1130 1386 inveniuntur,
1163 1338 1268 1378 velut
1297 1333 1492 1392 ἔρῤάγην,
1533 1334 1670 1392 ἕῤῥεον

186 1407 284 1453 alia,
314 1407 382 1447 sed
413 1407 454 1446 in
483 1406 614 1446 verbis
644 1412 797 1446 tantum
830 1423 857 1447 α
887 1422 911 1460 ρ
942 1406 1162 1454 inchoatis,
1199 1407 1279 1446 sive
1310 1412 1472 1458 propter
1501 1405 1672 1458 asperri-

187 1487 290 1514 mam
343 1481 522 1514 naturam
576 1487 776 1515 consonae
817 1476 985 1516 caninae
1023 1477 1103 1516 sive
1142 1483 1306 1528 propter
1344 1476 1518 1523 literam,
1569 1487 1668 1527 quae

185 1556 344 1595 semper
373 1543 621 1595 temporibus
653 1544 853 1595 prioribus
885 1550 975 1584 ante
1007 1545 1083 1584 hoc
1113 1560 1137 1598 ρ
1158 1544 1310 1584 initiale
1333 1543 1493 1585 exstitit.
1553 1543 1670 1583 Prae·

187 1618 293 1653 terea
335 1612 467 1651 omnia
504 1611 642 1659 verba,
682 1624 784 1665 quae
813 1613 853 1652 in
886 1612 1036 1664 vulgari
1068 1625 1255 1652 sermone
1285 1619 1353 1652 aut
1382 1618 1596 1665 augmento
1626 1612 1666 1651 in

186 1695 218 1720 ει
248 1686 440 1730 utuntur,
473 1680 576 1720 velut
606 1676 737 1726 εἶπον,
767 1679 955 1732 εἰχόμην,
987 1677 1158 1732 εἱπόμην
1189 1688 1255 1721 aut
1285 1687 1521 1733 augmento.
1562 1681 1667 1732 quod

184 1747 417 1799 syllabicum
458 1754 619 1795 vocant,
668 1754 760 1787 ante
800 1747 974 1787 vocalem
1006 1748 1197 1787 initialem
1230 1749 1335 1788 velut
1364 1745 1548 1795 ἐώθουν,
1598 1746 1669 1787 ἐω-

181 1811 362 1867 νοῦμην,
413 1816 524 1867 prius
555 1821 622 1855 aut
653 1815 849 1867 digamma
881 1821 949 1855 aut
978 1828 997 1855 s
1027 1828 1244 1856 consonam
1276 1816 1465 1856 initialem
1498 1818 1669 1868 praebu-

182 1889 312 1931 erunt,
343 1883 381 1924 id
413 1883 516 1936 quod
549 1896 637 1924 cum
670 1883 758 1924 aliis
790 1883 968 1924 dialectis
1002 1890 1083 1924 tum
1116 1884 1262 1937 linguis
1291 1884 1530 1938 propinquis
1561 1896 1668 1924 com-

183 1952 333 2004 paratis
373 1952 489 1992 facile
529 1952 697 2004 intelligi
738 1959 891 2005 potest3
939 1951 1087 2005 ἕπομαι
1118 1953 1239 2005 igitur
1266 1955 1313 1993 ad
1347 1954 1517 1993 radicem
1550 1967 1666 2003 σεπ-,

182 2017 260 2071 ἔχω
289 2020 336 2060 ad
370 2035 491 2072 σεχ-,
524 2017 646 2061 εἰπεῖν
677 2020 724 2060 ad
756 2024 889 2069 Fen„
920 2027 1075 2061 ceterae
1105 2034 1220 2062 voces
1251 2021 1298 2062 ad
1331 2021 1482 2062 similes
1512 2021 1667 2061 radices

182 2089 415 2129 referendae
455 2094 558 2128 sunt.
640 2088 882 2142 Plerumque
923 2101 1015 2129 vero
1055 2101 1230 2130 consona
1272 2090 1337 2130 illa
1376 2089 1541 2130 initialis
1578 2090 1666 2130 sine

184 2156 265 2196 ullo
294 2157 479 2208 vestigio,
509 2157 550 2195 in
582 2156 717 2208 lingua
749 2157 898 2209 vulgari
929 2157 1090 2209 quidem
1122 2158 1293 2206 evanuit,
1326 2171 1415 2198 cum
1448 2158 1553 2210 apud
1584 2158 1669 2197 Ho-

182 2226 421 2280 merum-vis
453 2223 537 2276 ejus
569 2224 769 2265 interdum
801 2231 1000 2277 appareat,
1028 2225 1151 2278 idque
1171 2239 1246 2266 suo
1261 2226 1368 2279 jure,
1402 2239 1491 2267 cum
1513 2231 1666 2279 poetae,

182 2293 377 2346 imprimis
417 2293 555 2345 epioe,
610 2293 758 2333 formae
797 2297 1060 2346 suppeterent
1088 2295 1265 2347 priorum
1294 2302 1543 2348 temporum,
1597 2295 1664 2335 ubi

181 2361 400 2402 debilitatio
438 2362 654 2401 formarum
696 2362 828 2402 minus
867 2362 1034 2402 valebat.
1101 2363 1178 2403 Sed
1220 2364 1397 2416 profecto
1435 2362 1664 2403 difficillima

182 2437 243 2470 est
283 2430 534 2482 dijudicatio,
581 2430 628 2469 ad
669 2442 770 2482 quae
810 2430 896 2470 loca
936 2431 992 2470 vis
1029 2431 1176 2483 prioris
1208 2445 1434 2480 consoane‚
1484 2431 1531 2471 ad
1562 2445 1664 2483 quae

181 2497 264 2538 sola
308 2497 523 2551 peculiaris
563 2498 844 2550 pronunciatio
884 2510 1151 2539 consonarum
1188 2499 1427 2553 liquidarum
1457 2500 1661 2540 referenda

182 2566 243 2606 sit.
312 2567 356 2605 ln
398 2566 635 2618 quibusdam
677 2579 774 2606 sane
815 2567 944 2606 verbis
975 2568 1238 2607 demonstrari
1269 2574 1420 2619 potest,
1469 2581 1542 2607 suo
1568 2568 1660 2620 jure

179 2646 397 2675 consonam
429 2634 621 2675 initialem
654 2635 694 2674 in
725 2635 891 2675 flexione
921 2634 979 2675 vel
1012 2636 1301 2688 compositione
1332 2636 1540 2688 geminari,
1572 2648 1664 2677 cum

179 2703 291 2754 prius
330 2703 452 2743 altera
484 2714 661 2743 consona
691 2703 730 2742 in
763 2703 878 2743 initio
907 2704 1013 2743 vocis
1045 2704 1258 2753 exstiterit3
1310 2704 1414 2744 velut
1444 2705 1551 2745 vocis
1579 2705 1664 2758 μεί-

177 2784 303 2823 ρομαι
349 2771 476 2823 prima
517 2771 644 2811 forma
684 2778 769 2812 erat
808 2770 1046 2825 σμείρομαι,
1093 2771 1133 2811 id
1173 2773 1279 2824 quod
1317 2772 1399 2825 jam
1440 2773 1658 2825 perfectum

174 2835 364 2893 εἵμαρται
405 2839 601 2891 significat
629 2842 933 2893 (σε-σμαρται,
977 2861 1034 2868 —-
1063 2837 1308 2894 ξ’-ςμαρται,
1349 2864 1391 2871 -
1426 2840 1650 2895 εἵ-μαρται
