1878 3190
815 140 1090 183 ..2-“

205 257 506 312 producendas,
538 256 695 298 nullum
726 261 858 297 tamen
888 255 1019 296 locum
1053 255 1283 307 observavi,
1323 258 1392 311 qui
1423 256 1547 298 solam
1580 257 1688 298 arsin

203 327 390 367 sufficere
421 325 680 364 demonstret.
732 324 871 375 Neque
893 323 1109 363 secundam
1131 337 1293 366 causam
1318 325 1560 377 probandam
1580 329 1689 376 puto,

201 392 348 445 quippe
379 404 480 444 quae
511 391 707 431 divisione
737 390 956 430 hexametri
980 403 1060 431 non
1080 397 1186 432 recta
1216 393 1376 434 nitatur.
1435 392 1689 433 Hermannus

200 460 305 500 enim
337 473 495 501 versum
527 460 733 500 heroicum
761 459 819 499 sic
848 458 980 498 divisit
1009 458 1050 498 in
1082 465 1164 500 tres
1196 466 1352 512 partes,
1392 467 1434 501 ut
1462 459 1508 500 ad
1542 459 1690 512 prima-

201 529 300 568 riam
339 542 546 569 caesuram
584 541 745 580 semper
774 527 857 567 fere
887 526 1122 567 secundaria
1153 528 1347 580 quaedam
1380 528 1550 570 accedat.
1610 525 1688 568 Sed

201 597 243 636 iu
274 596 515 639 hexametris
546 595 750 649 dactylicis
780 594 879 636 ordo
910 605 1000 634 cum
1032 607 1199 637 caesura
1231 609 1310 638 uon
1342 596 1445 638 solet
1463 595 1688 642 eosvenire,

199 677 291 705 cum
324 664 457 705 minus
483 664 710 713 diaeresin,
741 675 859 716 quam
890 674 1099 703 caesuram
1131 664 1370 716 praebeant,
1398 676 1475 717 qua
1507 675 1578 716 pes
1607 663 1688 703 dis-

201 733 389 774 cinditur.
449 733 629 786 Denique
659 733 721 773 vix
748 731 920 772 dubitari
952 735 1097 783 potest,
1129 733 1226 785 quin
1257 733 1438 775 accentui
1470 732 1601 773 minor
1628 730 1687 773 vis

201 801 414 841 tribuenda
454 801 521 842 sit.
590 802 687 842 Nam
727 806 768 840 ut
807 811 944 839 verum
984 799 1037 839 sit
1075 799 1198 840 ictum
1230 801 1270 841 in
1303 798 1544 841 Graecorum
1576 798 1687 858 poesi

200 881 405 921 nunquam
438 869 561 909 fuisse
591 868 835 921 neglectum,
865 867 913 908 ad
943 880 1100 909 versum
1131 875 1262 910 tamen
1293 869 1359 909 ille
1389 869 1524 910 minus
1553 866 1686 915 valuit,

200 936 399 988 siquidem
442 937 580 987 poesin
624 937 827 988 antiquam
862 936 1117 987 potissimum
1150 949 1198 976 ex
1228 936 1466 989 syllabarum
1498 946 1684 976 mensura

200 1005 376 1056 pendere
416 1010 586 1045 constat.
655 1004 837 1045 Ceterum
870 1003 1098 1045 novissimis
1129 1004 1314 1046 Graeciae
1345 1003 1588 1057 temporibus
1617 1003 1685 1044 de-

199 1079 415 1124 generante
456 1072 592 1124 lingua
635 1071 829 1124 regnabat
863 1077 1052 1112 accentus
1088 1073 1131 1112 in
1172 1073 1354 1113 versibus
1382 1071 1683 1124 componendis,

198 1140 237 1179 id
279 1140 385 1192 quod
428 1152 567 1180 versus
611 1140 680 1192 qui
719 1140 907 1180 dicuntur
948 1139 1098 1191 politici
1142 1140 1441 1190 demonstrant3
1492 1139 1686 1179 Homerus

199 1213 332 1249 autem
375 1207 674 1249 accuratissime
713 1207 955 1260 syllabarum
996 1219 1223 1249 mensuram
1262 1213 1301 1249 et
1335 1207 1510 1249 rationes
1546 1206 1686 1260 exegit.

343 1277 496 1317 Deinde
525 1276 755 1328 praeclarus
785 1276 888 1317 liber
906 1278 946 1317 in
970 1277 1045 1318 bac
1064 1278 1301 1329 quaestione
1320 1282 1497 1317 versatus
1517 1275 1688 1327 Spitz·

201 1345 308 1385 neri
349 1351 410 1385 est
447 1345 495 1385 de
524 1356 639 1384 versu
670 1344 844 1385 heroico.
901 1345 941 1385 'Is
973 1345 1187 1397 diligenter
1217 1346 1266 1385 de
1296 1344 1538 1397 gravissimis
1567 1342 1689 1395 parti-

200 1412 275 1452 bus
306 1412 498 1453 disseruit
528 1418 568 1452 et
596 1414 864 1454 necessariam
897 1414 1104 1454 materiam
1136 1413 1368 1466 plenissime
1398 1411 1581 1464 protulit,
1612 1423 1687 1451 nec

200 1486 332 1520 tamcn
364 1480 673 1532 disputationem
706 1481 888 1533 perfecit,
919 1493 1092 1534 cumque
1123 1493 1202 1522 non
1237 1492 1398 1533 semper
1426 1492 1565 1520 causas
1594 1491 1686 1532 pro-

199 1547 434 1588 ductionum
467 1548 730 1599 probabiliter
757 1549 940 1601 explicet,
973 1549 1114 1590 maluit
1144 1548 1252 1588 locos
1275 1548 1315 1588 in
1336 1560 1482 1600 genera
1503 1547 1684 1588 redactos

199 1627 449 1655 enumerare.
529 1615 616 1655 Huc
664 1617 817 1656 accedit
864 1617 969 1669 quod
1022 1617 1242 1656 doctrinam
1295 1616 1481 1668 digammi
1519 1627 1684 1668 prorsus

199 1683 358 1730 reiecit,
397 1683 532 1734 itaque
562 1684 782 1735 permultas
813 1684 1065 1724 difficultates
1098 1684 1276 1736 nequivit
1305 1695 1506 1735 superare.
1564 1683 1685 1724 Recte

198 1756 330 1791 tamen
372 1750 468 1791 fecit
506 1751 612 1803 quod
654 1764 838 1805 magnam
879 1758 1033 1804 partem
1075 1752 1382 1804 productionum
1418 1750 1466 1792 ad
1497 1763 1684 1797 caesuras

178 1827 377 1868 >revocat3
410 1819 543 1859 minus
573 1825 694 1868 recte,
723 1820 829 1872 quod
861 1821 908 1861 ad
939 1826 1128 1861 accentus
1154 1821 1230 1860 vim
1262 1819 1461 1860 interdum
1493 1819 1685 1872 confugit.

197 1887 321 1926 Porro
352 1899 491 1927 vereor
518 1899 570 1927 ne
601 1888 764 1928 nimiam
797 1889 873 1929 vim
905 1889 1056 1929 tribuat
1086 1888 1425 1940 interpunctioni,
1463 1900 1565 1940 quae
1595 1887 1685 1928 bre-

198 1967 283 1996 vem
323 1954 513 2007 syllabam
554 1955 745 2008 excipiat,
795 1962 903 1998 ratus
945 1957 1064 2010 hujus
1103 1955 1262 2008 generis
1299 1954 1490 2009 exemplis
1520 1955 1683 1998 Iliadem

198 2029 237 2062 et
268 2011 486 2075 Odysseam
517 2023 739 2064 abundare.

338 2091 433 2133 Post
461 2092 715 2145 Spitznerum
755 2092 1056 2135 accuratissime
1095 2096 1247 2144 partem
1287 2090 1407 2144 hujus
1438 2091 1683 2144 quaestionis

198 2159 376 2199 tractavit
403 2159 503 2199 Hos
510 2160 749 2201 smannus
781 2162 821 2202 in
855 2159 1172 2209 Quaestionibus
1193 2159 1430 2200 Homericis.
1489 2159 1686 2200 Disseruit

195 2227 260 2266 ille
293 2227 342 2267 de
372 2227 704 2279 productionibus
732 2229 976 2281 syllabarum
999 2227 1178 2268 brevium
1198 2225 1365 2275 inexitu
1388 2239 1550 2268 vocum:
1580 2240 1683 2282 quae

195 2307 437 2348 quamquam
490 2295 615 2338 solam
657 2302 807 2349 partem
850 2296 1118 2350 amplissimae
1158 2293 1453 2347 disceptationis
1492 2295 1684 2347 efficiunt,

194 2377 291 2405 sane
331 2365 460 2416 gravis
499 2370 559 2405 est
594 2377 688 2416 pars
725 2371 762 2406 et
793 2372 902 2418 patet
930 2365 1138 2406 latissime.
1198 2364 1384 2403 Ceterum
1413 2364 1509 2405 satis
1540 2365 1684 2416 proba·

192 2432 313 2474 bilem
355 2432 664 2485 explicationem
699 2432 959 2485 plurimarum
990 2431 1302 2487 productionum
1332 2430 1472 2479 attulit,
1502 2432 1683 2485 quamvis

193 2501 387 2542 nonnulla
436 2502 571 2542 minus
621 2503 874 2553 perspexisse
923 2502 980 2543 vel
1028 2514 1167 2554 parum
1210 2505 1441 2541 constanter
1478 2502 1681 2553 peregisse

189 2569 382 2610 videatur.

326 2637 503 2678 Omnino
540 2638 632 2678 viris
674 2638 802 2679 doctis
842 2639 1065 2685 assentior,
1110 2637 1179 2688 qui
1210 2636 1336 2677 varias
1367 2649 1505 2678 causas
1534 2636 1576 2677 in
1606 2636 1680 2677 hac

188 2706 424 2758 quaestione
455 2712 598 2757 putent
627 2707 889 2748 admittendas
921 2718 1034 2754 esse,
1076 2716 1150 2744 nec
1181 2705 1265 2744 fieri
1298 2710 1430 2756 potest
1458 2706 1528 2755 ut,
1569 2704 1677 2757 quod

186 2773 392 2815 nonnullis
422 2773 596 2826 placuit,
632 2787 773 2816 omnes
803 2775 861 2816 vel
893 2774 1091 2827 plurimae
1121 2771 1404 2825 productiones
1435 2773 1484 2814 ad
1516 2773 1678 2815 unicum
