1878 3190
771 130 1060 180 „15-

173 247 314 301 primis
340 246 503 292 ‚Ionicae
539 252 579 288 et
607 246 788 289 Aeolicae
826 245 1012 294 dialecti,
1063 243 1218 297 legibus
1260 248 1298 284 et
1337 243 1442 284 hanc
1481 242 1532 284 ob
1572 254 1655 284 rem

176 327 226 356 ue
258 315 465 358 minimum
495 316 656 369 quidem
690 314 924 360 offensionis
954 314 1139 359 offerunt.
1197 312 1391 356 primaria
1421 311 1504 360 lex,
1554 324 1657 364 quae

177 383 257 430 buc
296 383 498 424 afferenda
540 391 622 435 est,
678 388 739 424 est
777 382 877 423 ratio
907 379 1232 435 assimilationiS,
1281 392 1359 432 qua
1390 391 1566 420 consona
1597 378 1656 420 vel

175 450 322 495 vocalis
362 468 376 491 ι
416 457 456 492 et
491 467 516 492 v
554 451 801 503 adaequatur
835 462 924 491 cum
964 448 1139 501 proxima
1179 459 1371 495 consona.
1445 447 1659 489 Nonnullis

177 518 370 576 exemplis
410 518 539 561 allatis
578 530 744 572 prorsus
784 516 994 570 perspicua
1035 522 1153 555 erunt
1180 515 1285 555 varia
1315 514 1435 567 hujus
1466 515 1660 556 assimila-

176 587 298 628 tionis
329 599 488 640 genera.
540 582 734 639 Ἀδδεής,
774 582 1087 639 περιδδείσασα,
1119 580 1311 634 ἔδδεισα,
1355 582 1429 624 alia
1462 583 1500 624 id
1529 596 1659 637 genus

176 654 426 708 explicantur
460 655 584 708 stirpe
616 652 671 706 dja
710 652 769 692 vel
799 651 858 705 dje
886 651 946 692 vel
978 651 1075 704 dja,
1124 663 1226 704 quae
1257 652 1466 691 statuenda
1497 658 1559 692 est
1590 653 1659 701 (ct'.

178 724 337 764 Curtius
368 723 392 764 l.
419 724 445 764 l.
475 724 542 765 Nr.
573 719 704 774 268);
742 717 895 768 πολλός
922 725 1047 761 exstat
1077 732 1149 772 pro
1179 717 1351 770 nol-Foc,
1387 717 1660 775 φιλομμειδῄς

181 803 254 844 pro
284 788 552 846 φιλοσμειδὴς
580 789 651 840 (cf.
682 788 844 829 Curtius
874 787 898 828 l.
928 787 954 827 l.
985 787 1054 828 Nr.
1083 784 1210 842 463),
1241 786 1365 829 ποσσὶ
1394 800 1465 840 pro
1494 787 1657 840 ποδ-σὶ,

177 857 349 900 πόδεσσι
387 871 459 911 pro
499 854 740 908 πόδ-ε-σΡι,
768 853 952 908 βελέεσσι
981 868 1053 907 pro
1081 853 1328 906 βελέ-ε-σΡι,
1352 856 1558 910 χαρίεσσα
1586 869 1658 909 pro

173 924 383 982 χαρίεήα,
415 923 583 979 ἔμμεναι
614 938 686 978 pro
716 921 925 977 z‘a-poevaq
965 922 1150 964 similiter
1177 920 1333 976 μέσσος
1362 936 1433 977 pro
1461 921 1658 978 nib-joc,

178 995 300 1035 multa
333 995 477 1035 similia
510 1007 553 1034 se
584 993 757 1044 habent,
788 1005 879 1032 cum
910 991 973 1043 vj,
1005 992 1077 1044 oj,
1116 992 1178 1044 nj,
1212 992 1253 1044 χῇ
1285 993 1326 1032 in
1359 1007 1415 1033 σσ
1443 993 1660 1033 transirent

177 1063 359 1113 (Curtius
389 1062 416 1102 l.
446 1062 471 1101 l.
503 1062 549 1102 ll.
577 1057 860 1110 233-237).
900 1083 955 1089 —
1014 1061 1153 1112 Neque
1185 1060 1324 1100 eadem
1355 1060 1403 1100 de
1433 1073 1554 1101 causa
1585 1061 1658 1101 du-

178 1130 286 1179 bito,
328 1130 425 1182 quin
457 1129 495 1170 M
524 1127 580 1170 26
611 1128 868 1169 scribendum
900 1127 952 1167 sit
981 1124 1191 1178 συννεχές,
1242 1140 1333 1168 cum
1365 1140 1438 1180 pro
1469 1126 1660 1181 συνσεχές

177 1204 314 1239 exstet.

321 1265 364 1305 ln
407 1263 540 1316 priore
578 1263 700 1315 igitur
737 1262 871 1315 lingua
902 1269 942 1303 et
971 1261 1264 1316 quodammodo
1294 1263 1411 1303 etiam
1443 1264 1548 1316 apud
1581 1264 1660 1305 Ho-

181 1345 333 1374 merum
376 1332 443 1372 illa
482 1331 604 1372 altera
636 1343 813 1372 consona
844 1331 883 1371 in
915 1331 1061 1371 talibus
1091 1331 1256 1372 vocibus
1288 1338 1326 1371 et
1357 1333 1494 1373 formis
1526 1333 1658 1381 valuit,

180 1407 316 1454 postea
345 1413 438 1441 vero
467 1400 703 1452 plerumque
734 1400 820 1440 sine
849 1399 929 1440 ullo
959 1400 1124 1452 vestigio
1153 1401 1325 1449 evanuit,
1356 1401 1394 1441 id
1428 1402 1533 1454 quod
1566 1403 1661 1443 satis

181 1469 400 1522 explicatur
429 1467 580 1520 vulgari
611 1467 828 1508 formarum
860 1466 1145 1508 debilitatione.

313 1537 369 1576 Ad
408 1536 574 1576 eandem
616 1536 720 1576 hanc
749 1535 970 1587 explicandi
1000 1536 1193 1575 rationem
1223 1536 1320 1576 mihi
1351 1537 1530 1588 quaestio
1560 1550 1661 1589 quo-

180 1618 257 1659 que
297 1604 503 1646 referenda
541 1603 720 1652 videtur,
771 1615 873 1656 quae
902 1603 1072 1643 maximo
1102 1609 1305 1644 momento
1330 1609 1413 1653 est,
1461 1605 1661 1657 quomodo

181 1674 288 1714 enim
320 1671 551 1724 explicanda
582 1671 634 1711 sit
663 1671 891 1723 productio,
940 1683 1043 1724 quae
1070 1672 1291 1712 sexcenties
1322 1672 1541 1721 invenitur,
1580 1674 1661 1725 pri-

180 1753 269 1783 mae
293 1740 466 1794 syllabae
486 1751 624 1780 vocum
646 1735 756 1790 ὅσος,
780 1736 938 1793 πρόσω,
959 1736 1036 1791 ὅτι,
1059 1736 1141 1788 ὅτε,
1162 1735 1326 1789 ὁπόσος,
1348 1735 1483 1791 ὁπότε,
1504 1736 1657 1790 ὁποῖος,

181 1808 307 1860 ὅπου,
354 1805 465 1856 ὅπως
507 1808 673 1849 aliarum
712 1807 753 1847 id
792 1820 935 1860 genus.
1004 1809 1202 1860 Apparet,
1249 1814 1389 1861 poetae
1420 1808 1489 1861 jus
1523 1814 1660 1861 potes-

183 1884 383 1929 tatemque
421 1875 541 1928 hujus
579 1876 636 1916 rei
675 1875 822 1923 fuisse,
871 1875 1093 1916 secundum
1133 1888 1203 1924 ea,
1253 1877 1424 1928 quaein
1455 1878 1660 1929 prooemio

181 1945 302 1997 hujus
343 1943 637 1984 dissertationis
676 1944 978 1983 commemoravi
1019 1943 1067 1983 de
1103 1944 1305 1984 inusitatis
1343 1950 1381 1984 et
1409 1944 1543 1996 lingua
1574 1946 1660 1997 ipsa

183 2024 264 2054 non
294 2010 540 2053 confirmatis
570 2010 863 2052 novationibus.
923 2010 996 2051 Hic
1026 2023 1186 2064 quoque
1216 2011 1264 2052 ad
1287 2011 1482 2064 originem
1503 2012 1660 2062 illarum

179 2092 320 2122 vocum
360 2080 491 2120 redire
528 2079 734 2120 dehemus.
804 2079 917 2126 Quod
959 2080 993 2119 si
1030 2080 1197 2120 facimus
1235 2080 1382 2120 formas
1420 2080 1661 2133 principales

182 2148 417 2191 statuendas
447 2160 536 2189 esse
566 2144 730 2199 ὅππως,
760 2143 1072 2200 {ioum-cetera,
1100 2149 1345 2201 comparatio
1376 2161 1467 2190 cum
1496 2150 1661 2203 propin·

181 2217 272 2270 quis
319 2216 467 2268 linguis
509 2214 730 2257 clarissime
767 2215 1031 2267 demonstrat.
1106 2216 1231 2264 Radix
1268 2217 1374 2257 enim
1410 2218 1660 2270 pronominis

180 2284 451 2338 interrogativi
489 2289 550 2324 est
574 2298 657 2324 πο-
685 2288 725 2323 et
754 2283 797 2323 in
828 2273 1049 2325 recentiore
1078 2283 1225 2325 Jonum
1255 2284 1425 2325 dialecto
1457 2300 1555 2334 κο·,
1602 2286 1661 2326 vel

180 2353 313 2406 potius
343 2355 431 2393 nFo
461 2357 501 2393 et
529 2355 626 2401 nFo‚
666 2364 757 2392 nam
787 2353 1036 2405 respondens
1068 2353 1192 2394 forma
1221 2353 1263 2393 in
1292 2353 1428 2406 lingua
1460 2354 1661 2396 Sanscrita

178 2428 241 2462 est
271 2421 368 2474 kva,
396 2420 437 2461 in
469 2419 606 2460 Latina
634 2419 788 2472 quo-d,
820 2420 862 2460 in
895 2420 1060 2471 Gothica
1092 2420 1164 2462 hva
1190 2420 1259 2472 (cf.
1292 2421 1452 2462 Curtius
1481 2422 1505 2475 l.
1536 2422 1563 2462 1.
1592 2422 1659 2464 Nr.

180 2488 297 2540 631).
355 2488 559 2542 Digamma
587 2487 709 2540 igitur
737 2488 850 2540 prius
880 2488 1006 2530 fuisse
1035 2489 1076 2529 in
1103 2489 1167 2529 his
1196 2489 1375 2542 vocibus,
1405 2503 1508 2543 quae
1537 2503 1559 2531 a
1583 2505 1662 2532 πο·

180 2556 453 2606 descendunt,
502 2555 761 2597 statuendum
800 2562 863 2596 est
898 2562 938 2596 et
973 2556 1095 2609 hujtis
1132 2569 1334 2598 consonae
1363 2557 1421 2597 vis
1451 2557 1491 2598 in
1525 2558 1663 2600 formis

181 2624 259 2667 illis
287 2637 379 2672 cum
410 2625 608 2677 geminato
637 2639 667 2664 π
695 2630 924 2666 conservata
955 2631 1028 2665 est.
1087 2625 1142 2666 Ita
1163 2625 1284 2677 igitur
1306 2621 1460 2675 ὅππως,
1492 2621 1660 2679 ὁππότε,

180 2690 386 2743 οππὸσος,
427 2689 584 2742 ὅππου,
625 2688 748 2734 ὅπποι
779 2693 1005 2746 propinqua
1037 2692 1241 2747 probanda
1273 2698 1381 2736 sunt.
1442 2693 1568 2736 Simili
1601 2707 1663 2736 ra-

179 2760 287 2803 tione
324 2761 475 2803 formae
504 2757 617 2813 ὅττι,
663 2756 755 2801 {itu
785 2760 981 2814 primitiva
1011 2773 1150 2802 vocum
1181 2761 1305 2814 stirpe
1334 2761 1390 2815 rja
1419 2762 1480 2804 vel
1509 2762 1562 2815 ujt
1592 2776 1657 2804 ex-
