1878 3190
818 194 1076 242 —B—

342 315 552 354 Praeterea
599 313 809 366 productio
835 308 1052 355 ‘offendere
1094 326 1173 355 non
1215 319 1345 367 potest
1383 313 1423 352 Β
1456 310 1542 353 553
1571 308 1690 366 γένετ’

200 379 306 434 ἀνὴρ
347 381 388 421 Γ
409 380 461 423 61
495 376 562 420 ὑπ’
606 377 775 436 ἆνέρος,
808 381 847 421 E
871 379 923 424 31
957 375 1077 436 Ἀρες
1094 379 1215 434 ’Ἆρες
1242 379 1327 422 ’704
1362 377 1535 432 χάλκεος
1551 376 1694 432 Ἄρης,

200 448 240 488 Β
268 447 353 494 ’,767
381 445 516 503 φόβον
531 444 686 504 Ἄρηος
717 444 965 504 φορεούσας,
997 450 1042 490 Ν.
1068 448 1152 491 444
1181 445 1204 489 ὅ
1220 444 1521 504 βριμοςἌρης,
1554 444 1694 488 Β307

201 513 357 569 ὄγλαον
385 514 500 569 ὕδωρ
530 515 614 556 752
632 513 878 571 καλλίῤῥοον
897 514 1010 571 ὕδωρ
1031 519 1146 568 (item
1168 517 1225 558 M
1240 515 1329 566 33),
1365 518 1408 556 Φ
1434 514 1516 557 345
1539 513 1694 569 ἀγλαὸν

199 581 338 639 ὕδωρ,
386 584 440 624 Π
460 581 545 625 385
585 579 844 638 λαβρότατον
879 581 962 636 χέει
1000 582 1138 641 ὕδωρ,
1184 585 1236 626 Λ
1256 583 1349 626 ’265
1389 590 1428 625 et
1468 582 1548 625 541
1584 578 1700 636 ἔγχεΐ·

199 649 233 691 τ’
271 649 388 705 ἄορι,
423 652 460 692 Ο
487 650 572 692 256
597 647 858 705 χρυσάορον,
887 652 935 692 A
959 650 1016 693 86
1054 651 1103 693 οὗ
1143 653 1204 705 μὰ
1236 652 1314 707 γὰρ
1337 648 1578 693 Ἀπόλλωνα
1611 647 1694 691 370

201 726 242 760 et
280 721 441 773 saepius
475 715 749 766 Ἀπόλλωνος,
781 717 929 761 Δ194
970 719 1033 760 ἐπὶ
1065 718 1219 775 κνέφας
1257 718 1364 774 ἱερὸν
1395 717 1515 774 ἔλθῃ,
1546 715 1695 758 11407

203 785 311 839 ἱερὸν
350 783 489 838 ῗχθύν,
533 784 572 825 Θ
605 784 662 825 66
692 784 801 840 ἱερὸν
831 780 959 842 ἦμαρ.
1003 810 1054 817 -
1114 789 1212 828 Nam
1255 795 1296 828 ut
1325 789 1365 827 in
1397 786 1584 827 omnibus
1612 785 1696 824 dia-

204 854 340 903 lectis,
373 855 490 895 etiam
521 854 562 894 in
595 853 804 895 Homerica
835 855 1008 908 syllabae
1040 868 1082 896 re
1111 869 1200 897 vera
1226 856 1423 909 ancipites
1444 854 1695 895 exstiterunt.

204 922 251 962 Et
281 923 462 975 quamvis
492 934 653 975 semper
680 923 943 963 obtinendum
970 924 1040 970 sit,
1081 924 1120 963 in
1153 925 1286 977 priore
1318 924 1474 976 lingua,
1506 922 1573 962 ubi
1604 932 1694 960 sen-

203 1003 274 1031 sus
324 1000 362 1031 et
405 991 604 1044 judicium
653 992 810 1032 aurium
855 993 1012 1033 acutius
1060 998 1166 1040 erat,
1222 993 1262 1032 in
1305 993 1531 1032 universum
1572 1001 1698 1043 quan-

204 1060 354 1098 titatem
395 1059 646 1111 singularum
680 1059 920 1111 syllabarum
953 1066 1103 1100 certam
1132 1061 1286 1108 fuisse,
1320 1067 1449 1100 tamen
1478 1059 1560 1111 jam
1592 1058 1696 1110 apud

206 1127 422 1167 Homerum
463 1127 527 1166 illa
572 1126 756 1166 titubatio
786 1128 943 1168 initium
975 1129 1104 1180 cepit,
1145 1141 1244 1181 quae
1275 1134 1408 1180 postea
1451 1126 1575 1179 magis
1607 1138 1695 1165 ma-

204 1195 345 1247 gisque
386 1201 562 1247 apparet.
630 1195 765 1247 Neque
804 1194 841 1234 id
884 1195 1054 1246 mirum,
1095 1195 1127 1234 si
1169 1196 1362 1235 rationem
1397 1195 1592 1234 habemus
1632 1194 1695 1232 in-

205 1263 434 1303 clinationis
483 1263 711 1314 linguarum
761 1263 994 1303 debilitandi
1043 1264 1210 1310 formas,
1258 1275 1359 1315 quae
1402 1263 1476 1303 hac
1516 1275 1557 1302 re
1598 1274 1696 1314 quo-

206 1344 285 1384 que
335 1337 463 1384 patet,
520 1331 623 1383 quod
675 1331 792 1371 variis
839 1330 1089 1384 temporibus
1140 1343 1253 1371 voces
1300 1331 1494 1384 quaedam
1545 1331 1697 1370 diversa

206 1395 427 1452 quantitate
467 1405 649 1439 utuntur.
711 1400 776 1439 Sic
818 1400 1070 1440 notissimum
1103 1406 1184 1447 est,
1225 1399 1263 1438 in
1304 1411 1398 1439 voce
1436 1397 1562 1446 καλὸς
1590 1400 1698 1451 apud

206 1467 420 1507 Homerum
471 1466 644 1507 vocalem
695 1482 723 1506 α
761 1467 944 1519 longam,
991 1467 1096 1520 apud
1144 1469 1292 1507 Atticos
1339 1466 1494 1507 brevem
1531 1479 1619 1506 esse
1660 1473 1698 1507 et

208 1535 393 1575 similiter
441 1547 559 1576 voces
611 1531 720 1585 ἶσος,
773 1532 869 1588 ἀρὰ,
913 1533 1081 1589 ἀρῶμαι
1131 1548 1175 1574 se
1220 1535 1382 1574 habere.
1452 1536 1566 1582 Quod
1607 1548 1697 1575 vero

208 1604 307 1643 haec
337 1603 503 1642 mutatio
527 1603 610 1655 jam
642 1603 832 1654 proximis
871 1603 1118 1654 temporibus
1151 1608 1241 1654 post
1272 1602 1487 1642 Homerum
1519 1609 1697 1655 apparet,

209 1683 299 1711 cum
333 1670 534 1711 Hesiodus
566 1670 670 1710 velut
699 1670 825 1718 καλὸς
857 1670 938 1723 jam
980 1676 1159 1723 correpta
1193 1671 1315 1711 vocali
1347 1670 1518 1711 subinde
1549 1668 1698 1724 (Ἔργα

206 1736 274 1785 63,
311 1736 429 1791 Θεογ.
457 1735 562 1785 585)
594 1738 805 1791 praebeat,
839 1739 1015 1790 profecto
1048 1751 1127 1778 non
1161 1744 1308 1778 taemere
1329 1738 1564 1778 conclusum
1592 1739 1699 1778 vide-

206 1814 290 1854 tur,
321 1807 427 1858 apud
459 1807 676 1846 Homerum
709 1819 871 1858 quoque
903 1807 1141 1859 quibusdam
1165 1806 1328 1846 vocibus
1352 1806 1568 1858 ancipitem
1588 1819 1699 1846 men-

207 1886 342 1914 suram
384 1874 520 1914 fuisse.
582 1875 732 1919 VoceS‚
778 1886 879 1926 quae
913 1874 991 1914 buc
1030 1881 1232 1928 spectant,
1271 1880 1366 1914 sunt
1399 1870 1526 1926 ἀνήρ,
1555 1870 1697 1929 Ἄρης,

209 1940 346 1995 ὕδωρ,
379 1938 481 1995 ἄορ,
507 1937 742 1990 Ἀπόλλων,
776 1937 894 1993 ἱερός.
928 1966 982 1972 —

347 2008 465 2055 Φᾶος
499 2020 590 2048 vero
642 2020 720 2047 non
774 2008 851 2048 huc
889 2009 1143 2049 referendum
1181 2015 1263 2049 est.
1303 2021 1393 2049 cum
1436 2008 1622 2048 omnibus
1660 2008 1699 2048 in

210 2078 331 2123 locis,
375 2076 440 2116 uhi
484 2083 652 2117 metrum
686 2077 859 2129 priorem
890 2078 1080 2131 syllabam
1113 2077 1294 2124 brevem,
1336 2077 1511 2117 ultimam
1543 2076 1700 2129 longam

209 2146 380 2197 flagitat,
412 2141 526 2199 φόως
554 2145 768 2196 legendum
800 2146 865 2185 sit.
1543 2154 1545 2156 ·

344 2213 519 2252 Omnino
551 2213 671 2264 igitur
699 2213 860 2252 Homeri
893 2220 1073 2265 tempore
1099 2214 1181 2266 jam
1215 2213 1385 2265 syllabas
1407 2214 1598 2265 quasdam
1631 2226 1700 2253 an-

209 2282 352 2332 cipites
384 2281 528 2327 ruisse,
571 2281 667 2319 satis
699 2287 828 2332 patet3
858 2281 927 2320 sed
961 2281 1066 2320 hanc
1097 2282 1322 2320 varietatem
1356 2281 1587 2333 quantitatis
1615 2287 1699 2320 tum

209 2348 367 2386 demum
407 2347 564 2386 initium
607 2347 782 2399 cepisse,
828 2348 968 2400 procul
1012 2348 1134 2387 dubio
1176 2353 1353 2394 constat,
1393 2348 1498 2400 quod
1541 2360 1701 2400 semper

208 2421 411 2454 momento
442 2415 576 2466 aliquo
606 2415 814 2466 adjuvante
845 2428 946 2468 opus
977 2423 1061 2455 erat
1090 2416 1211 2467 idque
1238 2415 1358 2455 simul
1388 2415 1612 2455 clarissime
1633 2416 1701 2454 de-

209 2488 427 2531 monstrat,
469 2488 624 2535 potitam
658 2484 828 2523 maxime
859 2483 1086 2532 studuisse,
1131 2495 1288 2523 omnem
1321 2482 1580 2523 offensionem
1610 2495 1701 2536 pro-

208 2550 407 2591 ductionis
440 2551 573 2590 vitare.
634 2551 868 2604 Ubicunque
901 2551 1008 2591 enim
1045 2551 1133 2591 illae
1164 2550 1335 2603 syllabae
1368 2563 1439 2602 pro
1471 2551 1601 2603 longis
1634 2562 1700 2590 ex-

209 2626 336 2664 stant,
378 2620 418 2659 in
461 2619 539 2659 arsi
572 2625 798 2671 ponuntur,
837 2632 927 2660 cum
970 2620 1076 2672 apud
1116 2618 1358 2672 posteriores
1401 2625 1440 2659 et
1481 2619 1522 2659 in
1554 2619 1631 2659 arsi
1663 2624 1702 2658 et

207 2688 247 2726 in
287 2687 387 2726 tbesi
433 2687 532 2726 tales
563 2688 755 2738 ancipites
788 2688 961 2739 syllabae
1003 2688 1210 2739 longarum
1255 2687 1338 2725 vice
1379 2687 1488 2738 fungi
1529 2687 1699 2738 possint.

207 2754 416 2794 Praeterea
448 2767 516 2794 eae
546 2761 699 2795 tantum
730 2755 884 2796 vocales
915 2755 967 2795 ita
1000 2754 1264 2803 adhibentur,
1294 2766 1395 2808 quae
1426 2760 1564 2794 natura
1587 2753 1700 2807 quasi

208 2824 256 2863 ad
287 2824 503 2874 ancipitem
538 2836 651 2862 usum
685 2823 878 2862 inclinant
947 2824 1036 2862 dico
1065 2839 1106 2871 α,
1139 2841 1164 2869 ι,
1194 2838 1232 2862 v.
1290 2822 1404 2869 Quod
1436 2823 1700 2861 Buttmannus
