1878 3190
794 172 1046 213 -6-

176 288 259 327 Hac
290 300 333 328 re
365 299 457 327 vero
487 288 703 329 difficultas
730 286 947 328 multorum
978 286 1156 328 locorum
1187 287 1434 335 continetur,
1464 288 1571 340 quod
1601 299 1664 328 re-

174 355 393 396 centiorem
431 355 592 409 quidem
633 355 795 408 linguae
825 359 997 401 statum,
1047 366 1126 394 non
1160 360 1291 394 tamen
1323 354 1498 407 priorem
1529 354 1664 407 cogni-

176 428 258 463 tnm
296 422 492 464 habemus
531 436 704 476 eumque
736 421 979 474 conjecturis
1007 428 1158 462 tantum
1189 422 1401 474 explanare
1432 435 1663 474 possumus.

173 491 259 531 Jam
307 503 397 531 vero
446 493 594 532 nostris
634 490 884 543 temporibus
923 491 1119 543 optimum
1157 490 1347 531 auxilium
1387 490 1548 531 allatum
1591 496 1664 539 est,

177 558 263 598 dico
303 559 600 609 grammaticam
642 559 802 611 linguas
843 564 1168 610 comparantem,
1215 571 1317 610 quae
1356 564 1462 599 recte
1493 557 1668 599 adhibita

176 626 354 677 protecto
380 627 618 679 saepissime
648 627 747 667 locis
777 626 959 667 obscuris
991 626 1121 667 lucem
1149 627 1274 675 affert,
1306 626 1492 679 quoniam
1521 634 1669 668 certam

177 705 357 734 normam
398 699 438 735 et
478 694 710 735 methodum
752 693 934 741 exhibet,
991 706 1068 746 qua
1108 695 1362 747 conjecturae
1400 694 1491 734 illae
1521 694 1666 747 prioris

175 762 336 813 linguae
374 768 499 803 status
540 763 811 804 instituantur.
883 762 1022 814 Neque
1059 762 1143 815 jam
1184 763 1398 814 quisquam
1437 763 1514 803 boc
1553 762 1663 815 adju-

176 838 355 870 mentum
398 842 565 882 prorsus
606 830 774 878 refellit,
824 829 946 882 idque
986 830 1153 870 sortasse
1185 829 1402 870 clarissime
1434 829 1522 882 ejus
1552 842 1667 883 prae-

176 897 362 937 stantiam
414 897 607 944 declarat,
668 910 757 938 cum
797 897 910 949 prius
950 897 1113 948 plurimi
1153 898 1189 936 ei
1231 898 1479 937 infestissimi
1521 905 1666 938 essent.

177 965 347 1018 Saepius
376 965 499 1017 igitur
532 979 606 1006 nos
638 967 686 1006 ad
717 966 966 1018 propinquas
996 965 1153 1017 linguas
1186 966 1339 1018 regredi
1361 966 1402 1006 in
1422 965 1665 1018 explicandis

175 1033 274 1073 locis
305 1033 569 1085 quibusdam,
603 1035 771 1074 maxime
803 1035 1077 1074 necessarium
1109 1034 1264 1073 videtur
1294 1034 1415 1086 idque
1447 1046 1494 1074 eo
1525 1035 1664 1086 magis,

174 1102 207 1142 si
238 1102 359 1143 simul
390 1102 583 1143 rationem
616 1103 810 1144 habemus
840 1115 931 1144 cum
963 1102 1153 1143 historiae
1187 1102 1408 1143 carminum
1440 1102 1497 1143 vel
1529 1103 1666 1155 singu-

176 1169 271 1209 laris
303 1170 435 1221 modi,
465 1183 544 1222 quo
576 1171 719 1210 tradita
750 1176 868 1218 sunt,
914 1177 994 1210 tum
1026 1172 1251 1222 potentiae,
1284 1183 1361 1222 qua
1395 1171 1551 1211 traditio
1582 1184 1667 1211 om-

177 1238 273 1278 nino
304 1238 344 1277 in
374 1237 527 1278 artibus
558 1238 823 1287 Graecorum,
874 1236 1071 1290 imprimis
1103 1251 1193 1279 vero
1226 1238 1266 1278 in
1297 1239 1408 1291 epica
1440 1239 1552 1291 poesi
1584 1245 1666 1280 ute-

175 1306 308 1346 batur.
370 1305 411 1345 Si
444 1318 534 1346 vero
564 1307 655 1358 quis
687 1307 763 1346 hoc
791 1319 836 1346 ea
867 1306 916 1346 de
947 1318 1066 1346 causa
1095 1306 1276 1346 refellere
1305 1305 1419 1357 velit,
1456 1307 1560 1359 quod
1593 1307 1666 1348 hac

176 1373 406 1414 conditione
427 1374 596 1414 maxima
619 1374 887 1415 inconstantia
911 1374 951 1414 in
974 1373 1218 1426 explicandis
1241 1373 1402 1414 Homeri
1423 1374 1666 1416 carminibus

175 1442 437 1488 adhibeatur,
479 1456 568 1483 curn
602 1450 685 1483 tum
717 1444 835 1490 baec,
868 1450 948 1482 tum
981 1442 1046 1482 illa
1075 1443 1200 1482 forma
1231 1449 1370 1494 poetae
1401 1443 1665 1494 adscribatur,

177 1524 445 1563 quaecunque
476 1512 686 1564 interpreti
720 1511 926 1552 commoda
959 1511 1033 1559 sit,
1076 1511 1151 1552 boc
1181 1517 1458 1563 argumentum
1491 1513 1668 1564 profecto

177 1579 412 1620 auctoritate
443 1586 576 1628 caret,
631 1592 722 1620 cum
762 1579 796 1619 is
826 1591 1007 1631 quoque,
1060 1579 1126 1631 qui
1160 1591 1207 1619 ex
1236 1582 1323 1631 ipsa
1354 1579 1502 1620 Graeca
1532 1580 1667 1634 lingua

177 1648 310 1688 omnia
343 1647 542 1699 explicare
574 1648 687 1695 velit,
726 1648 958 1699 saepissime
991 1647 1096 1688 hanc
1126 1647 1434 1688 inconstantiam
1466 1654 1668 1701 praestare

177 1716 321 1757 debeat
351 1722 390 1756 et
419 1716 584 1756 omnino
607 1716 683 1756 hoc
704 1715 801 1756 satis
821 1715 1039 1767 explicetur
1058 1715 1252 1766 singulari
1273 1717 1494 1757 carminum
1517 1723 1667 1759 natura.

176 1788 254 1828 Sed
284 1787 455 1828 fortasse
487 1786 563 1826 hoc
597 1784 715 1837 objici
748 1790 891 1836 potest,
924 1783 1041 1823 etiam
1069 1784 1366 1835 grammaticam
1386 1784 1542 1837 linguas
1562 1799 1668 1827 com-

176 1861 383 1909 parantem
432 1853 606 1896 subinde
660 1865 739 1893 non
789 1851 980 1893 satisesse
1023 1852 1071 1891 ad
1112 1851 1367 1904 explicandas
1398 1853 1666 1897 difficultates.

176 1925 274 1964 Nam
318 1936 414 1964 sane
442 1934 633 1963 sonorum
666 1921 832 1961 mutatio
864 1932 943 1960 non
974 1932 1133 1971 semper
1163 1926 1309 1960 certam
1341 1933 1545 1972 normam,
1595 1924 1665 1964 sed

175 1994 216 2033 in
249 1993 368 2032 variis
378 1991 577 2032 dialectis
608 1990 816 2030 mirificam
851 1988 1012 2040 saepius
1044 1988 1236 2028 rationem
1267 1989 1474 2041 sequitur,
1515 1996 1555 2032 et
1583 1998 1665 2033 tum

175 2060 375 2112 imprimis
422 2059 595 2099 taedium
637 2058 879 2097 Graecorum
921 2069 1187 2096 consonarum
1230 2069 1270 2104 v,
1297 2056 1336 2108 j,
1371 2070 1389 2096 s
1429 2059 1666 2109 saepissime

176 2129 368 2169 maximas
401 2127 539 2168 turbas
568 2125 710 2166 effecit.
771 2125 848 2166 Sed
883 2125 958 2165 boc
990 2137 1150 2177 quoque
1180 2130 1458 2177 argumentum
1489 2127 1536 2166 ad
1564 2127 1668 2169 hanc

176 2196 341 2250 quidem
383 2195 661 2249 quaestionem
695 2194 828 2234 minus
858 2193 1056 2246 pertinet,
1109 2205 1197 2234 cuin
1229 2193 1293 2234 hic
1322 2193 1558 2246 saepissime
1584 2194 1665 2248 jam

178 2266 276 2306 satis
307 2265 384 2314 sit,
439 2264 735 2311 demonstrare,
776 2263 940 2303 omnino
979 2274 1197 2302 consonam
1229 2261 1403 2313 aliquam
1431 2262 1472 2302 in
1503 2263 1666 2304 vocibus

176 2333 418 2386 quibusdam
451 2332 662 2379 exstitisse,
694 2331 809 2384 cujus
841 2332 896 2371 vis
925 2331 1030 2383 apud
1053 2330 1271 2370 Homerum
1293 2329 1418 2370 valeat
1438 2330 1485 2370 ad
1510 2343 1666 2372 versum

174 2400 524 2453 componendum,
562 2399 740 2451 quamvis
772 2412 850 2439 non
883 2399 980 2439 satis
1011 2403 1163 2450 pateat,
1194 2409 1295 2449 quae
1324 2409 1501 2438 consona
1532 2399 1667 2440 fuerit.

175 2471 260 2511 Hoc
299 2482 390 2509 vero
430 2468 694 2509 clarissimum
736 2474 820 2514 est,
867 2467 1031 2508 modum
1065 2465 1302 2506 servandum
1335 2478 1464 2518 neque
1496 2467 1668 2509 Homero

174 2537 324 2578 formas
356 2536 607 2588 affingendas
639 2547 741 2582 esse,
774 2547 874 2587 quas
903 2534 982 2586 jam
1015 2533 1140 2573 multo
1172 2533 1283 2586 prius
1313 2534 1430 2586 plane
1462 2536 1669 2576 evanuisse

174 2612 342 2649 constet.
399 2605 568 2657 Semper
607 2604 727 2656 igitur
766 2603 867 2644 ratio
911 2602 1093 2644 habenda
1133 2607 1193 2642 est
1226 2601 1423 2643 facultatis
1453 2604 1668 2645 formarum

173 2675 333 2715 illarum
373 2673 597 2714 secundum
628 2673 849 2724 analogiam
882 2684 974 2713 cum
1003 2671 1132 2724 ipsius
1163 2671 1323 2712 Homeri
1354 2673 1553 2714 sermonis
1583 2679 1667 2714 tum

174 2743 436 2784 dialectorum
479 2742 659 2782 aliarum.
718 2743 817 2782 Nam
850 2741 1010 2782 Homeri
1043 2739 1240 2788 carmina,
1283 2741 1463 2792 quamvis
1494 2741 1667 2793 primum

178 2812 397 2854 literarum
430 2811 669 2852 Graecarum
701 2816 1029 2860 monumentum,
1069 2814 1224 2858 tamen,
1263 2809 1297 2850 si
1327 2809 1376 2850 ad
1408 2809 1669 2865 principalem
