1878 3190
780 200 1065 243 -12—

178 317 291 368 pedis
332 314 556 361 invenitur,
598 315 637 354 id
670 315 774 366 quod
812 316 911 355 satis
939 317 1204 366 demonstrat,
1246 324 1352 359 certa
1382 318 1469 369 lege
1500 322 1667 357 cunctae

176 384 419 424 Graecorum
452 393 618 434 poeseos
650 382 725 423 hoc
755 382 918 423 sanciri.

309 451 552 503 Saepissime
592 451 709 490 etiam
752 458 844 490 ante
885 464 1085 492 consonas
1121 453 1293 505 liquidas
1324 452 1527 505 productio
1558 452 1666 491 inve-

176 519 308 567 nitur,
354 518 422 559 ubi
453 530 619 571 prorsus
651 530 748 558 nova
781 518 1005 570 explicandi
1038 532 1157 560 causa
1190 520 1286 560 mihi
1317 519 1525 561 statuenda
1559 519 1666 559 vide-

174 593 250 626 tur.
320 587 437 626 Prius
477 586 583 625 enim
628 599 649 625 a
681 586 952 637 grammaticis
984 600 1184 627 consonas
1215 589 1378 628 omnino
1409 588 1551 627 divisas
1575 599 1664 626 esse

172 654 213 692 in
260 659 391 693 mutas
430 660 467 693 et
507 659 699 694 sonantes
741 653 837 693 satis
869 659 1039 694 constat.
1098 655 1222 695 Multo
1253 655 1542 707 significantior
1572 667 1661 694 vero

174 722 314 760 divisio
345 728 429 768 est,
483 734 603 773 quam
637 721 865 760 novissimis
896 722 1144 773 temporibus
1177 723 1359 762 nonnulli
1390 723 1662 770 instituerunt,

172 790 225 829 ita
270 795 311 830 ut
351 802 553 831 consonae
593 790 784 830 durantes
822 796 860 830 et
891 802 1093 831 consonae
1124 791 1347 844 explosivae
1377 791 1456 832 sive
1485 803 1661 831 momen-

174 859 311 908 tariae,
346 866 387 898 ut
415 859 469 898 ita
502 858 646 909 dicam,
678 858 974 900 discernantur.
1036 859 1090 898 Ad
1122 859 1344 911 explosivas
1374 872 1570 900 consonas
1590 872 1660 898 eae

173 925 400 977 pertinent,
445 938 545 978 quae
576 926 813 966 enunciatae
842 927 975 966 statim
1008 926 1246 967 exhalantur
1275 933 1314 968 et
1343 927 1382 967 in
1414 940 1531 967 auras
1563 927 1655 966 effu·

173 994 310 1044 giunt3
366 1006 565 1033 consonas
606 994 798 1033 durantes
843 1006 934 1033 vero
973 994 1220 1046 aliquamdiu
1258 996 1299 1034 in
1332 995 1659 1047 pronunciatione

173 1062 372 1102 sustinere
413 1067 453 1102 et
492 1073 728 1102 conservare
760 1061 867 1102 licet.
930 1062 1142 1102 Consonae
1173 1063 1363 1104 durantes
1395 1063 1514 1115 igitur
1544 1063 1657 1115 quasi

171 1130 394 1182 geminatae
433 1142 636 1170 consonae
677 1130 752 1169 vim
795 1130 836 1170 in
878 1131 1214 1182 pronunciatione
1246 1137 1448 1184 praestare
1476 1138 1658 1184 possunt,

173 1199 224 1239 ita
268 1205 309 1239 ut
340 1212 413 1238 suo
448 1199 539 1251 jure
571 1198 808 1250 positionem
842 1193 1001 1238 efficere
1032 1205 1146 1251 aptae
1178 1200 1267 1239 sint.
1325 1200 1421 1239 Nam
1453 1199 1658 1250 productio

170 1279 242 1318 per
272 1267 534 1320 positionem,
578 1267 670 1319 quid
703 1274 784 1313 est,
825 1267 901 1307 nisi
934 1268 1113 1308 extensio
1143 1268 1358 1320 temporis,
1399 1280 1478 1320 quo
1510 1267 1656 1320 syllaba

171 1336 212 1375 in
257 1336 591 1388 pronunciatione
635 1335 790 1375 utitur?
860 1335 1033 1388 Utraque
1073 1336 1179 1375 enim
1219 1348 1394 1376 consona
1434 1336 1521 1388 ipsa
1561 1348 1655 1376 sane

172 1404 281 1456 parvi
311 1404 500 1444 momenti
533 1410 615 1449 est,
666 1404 735 1444 sed
770 1417 846 1444 una
878 1417 969 1449 cum
1002 1405 1124 1445 altera
1156 1417 1331 1444 consona
1362 1404 1533 1456 syllabae
1561 1405 1656 1445 satis

171 1473 362 1524 temporis
394 1472 526 1520 addit,
571 1478 614 1512 ut
645 1479 750 1512 recte
784 1485 828 1512 ea
860 1472 966 1512 idem
997 1473 1190 1524 temporis
1221 1473 1392 1524 spatium
1423 1473 1470 1512 ad
1501 1485 1543 1512 se
1574 1473 1656 1512 vin-

170 1541 287 1586 dicet,
319 1547 437 1592 atque
467 1541 640 1592 syllaba,
682 1542 722 1580 in
756 1554 834 1593 qua
868 1541 1015 1581 vocalis
1048 1549 1190 1581 natura
1221 1541 1336 1591 longa
1368 1546 1503 1580 exstat.
1562 1542 1656 1580 Pro-

167 1608 270 1648 fecto
322 1620 415 1648 vero
464 1621 536 1661 par
575 1614 659 1659 est,
707 1609 796 1662 jus,
857 1609 962 1661 quod
1008 1609 1165 1649 duabus
1206 1608 1394 1649 consonis
1431 1608 1655 1661 conjunctis

169 1677 425 1724 conceditur,
476 1678 543 1716 uni
576 1689 778 1716 consonae
805 1678 1003 1729 permitti,
1051 1678 1084 1717 si
1118 1689 1188 1728 per
1216 1689 1259 1716 se
1291 1677 1395 1715 idem
1426 1682 1583 1727 tempus
1612 1678 1653 1716 in

169 1744 504 1796 pronunciatione
535 1744 745 1785 consumit.
805 1745 972 1785 Mediam
1005 1744 1119 1797 quasi
1142 1743 1334 1784 rationem
1361 1743 1541 1784 obtinent
1560 1757 1654 1784 con-

169 1825 313 1861 sonae,
344 1825 447 1865 quae
478 1813 660 1865 duplices
692 1813 767 1852 (lici
800 1813 942 1859 solent,
973 1823 1025 1864 ψ,
1057 1814 1091 1860 ξ,
1123 1812 1165 1861 ζ;
1203 1812 1268 1852 hic
1298 1811 1401 1850 enim
1433 1812 1532 1851 duae
1560 1825 1655 1852 con-

167 1893 289 1922 sonae
320 1887 399 1922 tam
432 1887 538 1921 arcte
567 1881 780 1922 cohaerere
813 1881 1061 1929 videbantur,
1097 1887 1138 1921 ut
1170 1893 1288 1921 unam
1315 1880 1516 1921 efficerent
1537 1887 1653 1934 atque

166 1951 266 1989 baec
307 1950 502 2002 imprimis
540 1962 660 1990 causa
701 1951 799 1999 suit,
846 1963 920 1990 cur
950 1963 1073 1989 unum
1105 1949 1260 2000 signum
1294 1949 1352 1987 eis
1382 1956 1653 2000 quaereretur.

166 2019 275 2065 Quas
315 2006 497 2070 duplices
534 2031 733 2067 consonas
763 2031 852 2058 curn
885 2030 1089 2070 nunquam
1123 2017 1204 2056 fere
1234 2016 1427 2055 Homerus
1458 2015 1655 2057 dubitaret

163 2086 212 2126 ad
243 2086 523 2137 producendas
553 2085 722 2138 syllabas
754 2087 898 2134 affere,
945 2086 1062 2126 etiam
1096 2085 1133 2134 ζ,
1161 2084 1473 2124 infirmissimam
1504 2097 1654 2137 earum,

164 2154 343 2206 profecto
381 2155 525 2194 mirum
568 2166 655 2193 esse
697 2167 778 2194 non
820 2160 970 2206 potest,
1021 2164 1111 2193 eum
1152 2151 1232 2191 illis
1268 2152 1457 2191 consonis
1494 2164 1653 2205 quoque

164 2221 426 2269 durantibus,
477 2234 576 2274 quas
617 2222 657 2262 in
702 2223 1034 2274 pronunciatione
1071 2219 1296 2260 simillimas
1337 2219 1504 2260 reddere
1543 2220 1655 2261 licuit

163 2290 355 2329 consonis
389 2290 629 2341 duplicibus,
661 2291 861 2331 interdum
895 2291 971 2330 hoc
997 2289 1064 2341 jus
1097 2287 1357 2327 concessisse.
1417 2288 1543 2328 Etiam
1575 2289 1649 2330 alia

161 2358 315 2397 ratione
349 2357 423 2397 hoc
453 2356 613 2410 probari
645 2363 787 2410 potest.
847 2359 968 2398 Jones
1000 2357 1106 2397 enim
1132 2354 1387 2396 mollissimos
1412 2362 1450 2396 et
1470 2358 1652 2398 acutissi-

160 2439 225 2466 mo
256 2439 378 2466 sensu
412 2426 614 2477 praeditos
643 2426 766 2466 fuisse
801 2439 917 2466 nemo
944 2427 1112 2477 ignorat.
1175 2423 1286 2463 Velut
1307 2424 1534 2476 conjunctio
1558 2439 1652 2466 con-

160 2507 282 2534 sonae
324 2500 458 2534 mutae
491 2506 580 2534 cum
611 2493 789 2546 liquida,
842 2507 944 2547 quae
976 2493 1080 2545 apud
1113 2504 1253 2531 omnes
1285 2497 1423 2544 gentes
1452 2493 1652 2536 levissima

159 2575 429 2602 consonarum
468 2562 657 2614 junctura
699 2562 891 2609 habetur,
941 2568 1021 2613 tam
1062 2572 1200 2612 aspera
1241 2559 1299 2599 eis
1328 2560 1557 2610 videbatur,
1611 2569 1653 2602 ut

161 2643 321 2682 semper
359 2631 441 2670 fere
481 2632 520 2670 in
554 2630 671 2670 lliade
715 2631 955 2682 positionem
996 2629 1154 2669 efficiat.
1226 2627 1376 2674 Quodsi
1423 2630 1651 2682 conjunctio

162 2705 240 2738 tam
273 2698 369 2737 levis
395 2698 477 2750 jam
512 2698 614 2738 hanc
645 2699 720 2738 vim
752 2699 972 2751 praestitit,
1005 2709 1100 2737 num
1133 2695 1278 2735 mirum
1310 2702 1382 2745 est,
1414 2697 1530 2738 etiam
1557 2711 1652 2740 con·

160 2779 283 2806 sonas
325 2766 517 2805 durantes
549 2773 665 2806 acuto
695 2779 834 2806 eorum
866 2767 1022 2806 aurium
1049 2763 1204 2817 judicio
1235 2763 1332 2803 satis
1362 2777 1498 2817 graves
1530 2767 1650 2807 videri

165 2834 367 2886 potuisse,
419 2840 462 2874 ut
500 2833 691 2885 syllabam
727 2832 1027 2886 producerent?
1096 2831 1275 2883 Denique
1313 2831 1463 2874 infinita
1495 2847 1655 2887 quoque
